@article{Aguilar2002,
   author = {Aguilar, A. and Borrell, A. and Reijnders, P. J. H. },
   title = {Geographical and temporal variation in levels of organochlorine contaminants in marine mammals},
   journal = {Marine Environmental Research},
   volume = {53},
   pages = {425-452},
   year = {2002}
}

@article{Akcakayaetal2003,
   author = {Akcakaya, H. R. and Halley, J. M. and Inchausti, P.},
   title = {Population-level mechanisms for reddened spectra in ecological time series},
   journal = {Journal of Animal Ecology},
   volume = {72},
   number = {4},
   pages = {698-702},
   year = {2003}
}

@article{Alilietal2005,
   author = {Alili, L. and Patie, P. and Pedersen, J. L.},
   title = {Representations of the first hitting time density of an Ornstein-Uhlenbeck process},
   journal = {Stochastic Models},
   volume = {21},
   pages = {967-980},
   year = {2005}
}

@article{Allen2003,
   author = {Allen, Linda J. S.},
   title = {Risk of population extinction due to demographic stochasticity in population models},
   journal = {Comments on Theoretical Biology },
   volume = {8},
   pages = {433 - 454},
   year = {2003}
}

@article{Alverson1992,
   author = {Alverson, D. L.},
   title = {A review of commercial fisheries and the Steller sea lion (Eumetopias jubatus): the conflict arena},
   journal = {Reviews in Aquatic Science},
   volume = {6},
   pages = {203-256},
   year = {1992}
}

@article{AndersenDeacon2001,
   author = {Andersen, M. E. and Deacon, J. E.},
   title = {Population size of Devils Hole pupfish (Cyprinodon diabolis) correlates with water level},
   journal = {Copeia},
   volume = {2001},
   pages = {224–228},
   year = {2001}
}

@article{AndersonPiatt1999,
   author = {Anderson, P. J. and Piatt, J. F.},
   title = {Community reorganization in the Gulf of Alaska following ocean climate regime shift},
   journal = {Marine Ecology Progress Series},
   volume = {189},
   pages = {117-123},
   year = {1999}
}

@book{Andrewartha54,
   author = {Andrewartha, H.G. and Birch, L.C.},
   title = {The Distribution and Abundance of Animals},
   publisher = {The University of Chicago Press},
   address = {Chicago},
   year = {1954}
}

@techreport{AnglissOutlaw2005,
   author = {Angliss, R.P. and Outlaw, R. B.},
   title = {Alaska marine mammal stock assessments, 2005},
   institution = {U.S. Department of Commerce, NOAA Tech. Memo. NMFS-AFSC-161},
   number = {NMFS-AFSC-161},
   year = {2005}
}

@book{Aoki1987,
   author = {Aoki, M.},
   title = {State space modeling of time series},
   publisher = {Springer},
   address = {New York},
   year = {1987}
}

@article{ArinoPimm1995,
   author = {Ari\~{n}o, A. and Pimm, S.},
   title = {On the nature of population extremes},
   journal = {Evolutionary Ecology},
   volume = {9},
   pages = {423-443},
   year = {1995}
}

@article{Baconetal1999,
   author = {Bacon, Corinne E. and Jarman, Walter M. and Estes, James A. and Simon, Mary and Norstrom, Ross J.},
   title = {Comparison of organochlorine contaminants among sea otter (Enhydra lutris) populations in California and Alaska},
   journal = {Environmental Toxicology and Chemistry},
   volume = {18},
   pages = {452–458},
   year = {1999}
}

@inbook{Bairlein1991,
   author = {Bairlein, F.},
   title = {Population studies of white storks (Ciconia ciconia) in Europe},
   booktitle = {Bird population studies: relevance to conservation and management},
   editor = {Perrins, C. M. and Lebreton, J. D. and Hirons, G. J. M.},
   publisher = {Oxford University Press},
   address = {Oxford},
   pages = {207–229},
   year = {1991}
}

@inproceedings{Baker1983,
   author = {Baker, W. W. },
   title = {The decline and extirpation of a population of red-cockaded woodpeckers in northwest Florida},
   booktitle = {Red-cockaded Woodpecker Symposium II},
   editor = {Wood, D. A.},
   publisher = {Florida State Game and Fresh Water Fish Comm.},
   pages = {44-45},

}

@article{Barronetal2003,
   author = {Barron, M. G. and Heintz, R. and Krahn, M. M.},
   title = {Contaminant exposure and effects in pinnipeds: implications for Steller sea lion declines in Alaska},
   journal = {The Science of the Total Environment},
   volume = {311},
   pages = {111-133},
   year = {2003}
}

@inbook{Becker1991,
   author = {Becker, P. H.},
   title = {Population and contamination studies in coastal birds: The common tern Sterna hirundo},
   booktitle = {Bird population studies: Relevance to conservation and management},
   editor = {Perrins, C. M. and Lebreton, J. D. and Hirons, G. J. M.},
   publisher = {Oxford University Press},
   address = {Oxford},
   pages = {433–460},
   year = {1991}
}

@book{BeissingerMcCullough2002,
   author = {Beissinger, S. R. and McCullough, D. R.},
   title = {Population viability analysis},
   publisher = {University of Chicago Press},
   address = {Chicago},
   year = {2002}
}

@article{BeissingerWestphal1998,
   author = {Beissinger, S. R. and Westphal, M. I.},
   title = {On the use of demographic models of population viability in endangered species management},
   journal = {Journal of Wildlife Management},
   volume = {62},
   number = {3},
   pages = {821-841},
   year = {1998}
}

@article{BengtsonSiniff1981,
   author = {Bengtson, J. L. and Siniff, D. B.},
   title = {Reproductive aspects of female crabeater seals (Lobodon carcinophagus) along the Antarctic Peninsula},
   journal = {Canadian Journal of Zoology},
   volume = {59},
   pages = {92-102},
   year = {1981}
}

@article{BengtssonCavanaugh2006,
   author = {Bengtsson, Thomas and Cavanaugh, Joseph E.},
   title = {An improved {A}kaike information criterion for state-space model selection},
   journal = {Computational Statistics and Data Analysis},
   volume = {50},
   number = {10},
   pages = {2635-2654},
   year = {2006}
}

@article{Bennettsetal1999,
   author = {Bennetts, R. E. and Link, W. A. and Sauer, J. R. and P. W. Sykes, Jr.},
   title = {Factors influencing counts in an annual survey of snail kites in Florida},
   journal = {Auk},
   volume = {116},
   pages = {316–323},
   year = {1999}
}

@article{BensonTrites2002,
   author = {Benson, A. J. and Trites, A. W.},
   title = {Ecological effects of regime shifts in the Bering Sea and eastern North Pacific Ocean},
   journal = {Fish and Fisheries},
   volume = {3},
   pages = {95-113},
   year = {2002}
}

@article{Besbeasetal2002,
   author = {Besbeas, P. and Freeman, S. N. and Morgan, B. J. T. and Catchpole, E. A.},
   title = {Integrating mark-recapture recovery and census data to estimate animal abundance and demographic parameters},
   journal = {Biometrics},
   volume = {58},
   pages = {540–547},
   year = {2002}
}

@article{Bickhametal1996,
   author = {Bickham, J. W. and Patton, J. C. and Loughlin, T. R.},
   title = {High variability for control-region sequences in a marine mammal: implications for conservation and biogeography of Steller sea lions (Eumetopias jubatus)},
   journal = {Journal of Mammalogy},
   volume = {77},
   pages = {95-108},
   year = {1996}
}

@article{Biernackietal2003,
   author = {Biernacki, Christophe and Celeux, Gilles and Govaert, Gérard},
   title = {Choosing starting values for the {EM} algorithm for getting the highest likelihood in multivariate Gaussian mixture models},
   journal = {Computational Statistics and Data Analysis},
   volume = {41},
   number = {3-4},
   pages = {561-575},
   year = {2003}
}

@book{Bolker2008,
   author = {Bolker, Benjamin M.},
   title = {Ecological models and data in R},
   publisher = {Princeton University Press},
   address = {Princeton, NJ},
   year = {2008}
}

@misc{Borman2009,
   author = {Borman, Sean},
   title = {The Expectation Maximization Algorithm - A short tutorial},
   year = {2009}
}

@article{BorrellReijnders1999,
   author = {Borrell, A. and Reijnders, P. J. H.},
   title = {Summary of temporal trends in pollutant levels observed in marine mammals},
   journal = {Journal of Cetacean Research and Management},
   volume = {1},
   pages = {149-157},
   year = {1999}
}

@article{Bowenetal1981,
   author = {Bowen, W. D. and Capstick, C. K. and Sergeant, D. E.},
   title = {Temporal changes in the reproductive potential of female harp seals (Pagophilus groenlandicus)},
   journal = {Canadian Journal of Fisheries and Aquatic Sciences},
   volume = {38},
   pages = {495-503},
   year = {1981}
}

@article{Bowenetal2006,
   author = {Bowen, W. D. and Iverson, S. J. and McMillan, J. I. and Boness, D. J.},
   title = {Reproductive performance in grey seals: age-related improvement and senescence in a capital breeder },
   journal = {Journal of Animal Ecology},
   volume = {75},
   number = {6},
   pages = {1340-1351},
   year = {2006}
}

@article{Boyce1992,
   author = {Boyce, M. S.},
   title = {Population viability analysis},
   journal = {Annual Review of Ecology and Systematics},
   volume = {23},
   pages = {481-506},
   year = {1992}
}

@article{Boyd1985,
   author = {Boyd, I. L.},
   title = {Pregnancy and ovulation rates in grey seals (Halichoerus gryus) in the British coast},
   journal = {Journal of Zoology. Series A},
   volume = {205},
   pages = {265-272},
   year = {1985}
}

@article{Boyd2000,
   author = {Boyd, I. L.},
   title = {State-dependent fertility in pinnipeds: contrasting capital and income breeders},
   journal = {Functional Ecology},
   volume = {14},
   pages = {623–630},
   year = {2000}
}

@article{Boydetal1995,
   author = {Boyd, I. L. and Croxall, J. P. and Lunn, N. J. and Reid, K.},
   title = {Population demography of Antarctic fur seals: the costs of reproduction and implications for life-histories},
   journal = {Journal of Animal Ecology},
   volume = {65},
   pages = {505-518},
   year = {1995}
}

@article{Brahametal1980,
   author = {Braham, H. W. and Everitt, R. D. and Rugh, D. J.},
   title = {Northern sea lion population decline in the eastern Aleutian Islands},
   journal = {Journal of Wildlife Management},
   volume = {44},
   number = {1},
   pages = {25-33},
   year = {1980}
}

@phdthesis{Brandon2000,
   author = {Brandon, E.A.A.},
   title = {Maternal investment in Steller sea lions in Alaska},
   university = {Texas AM University},
   type = {Ph.D. thesis},
   year = {2000}
}

@book{BrockwellDavis1991,
   author = {Brockwell, Peter J. and Davis, Richard A.},
   title = {Time series: theory and methods},
   publisher = {Springer-Verlag},
   address = {New York, NY},
   year = {1991}
}

@article{BrookKikkawa1998,
   author = {Brook, B. W. and Kikkawa, J.},
   title = {Examining threats faced by island birds: a population viability analysis on the Capricorn silvereye using long-term data},
   journal = {Journal of Applied Ecology},
   volume = {35},
   pages = {491–503},
   year = {1998}
}

@article{Brooketal2000,
   author = {Brook, Barry W. and O'Grady, Julian J. and Chapman, Andrew P. and Burgman, Mark A. and Ak\c{c}akaya, H. Resit and Frankham, Richard},
   title = {Predictive accuracy of population viability analysis in conservation biology},
   journal = {Nature},
   volume = {404},
   pages = {385-387},
   year = {2000}
}

@article{Brownetal2005,
   author = {Brown, R. F. and Wright, B. E.  and Riemer, S. D. and Laake, J.},
   title = {Trends in abundance and current status of harbor seals in Oregon:1977-2003},
   journal = {Marine Mammal Science},
   volume = {21},
   pages = {657-670},
   year = {2005}
}

@phdthesis{Bryant1998,
   author = {Bryant, A. A.},
   title = {Metapopulation ecology of Vancouver Island marmots (Marmota vancouverensis)},
   university = {University of Victoria},
   type = {Ph.D.},
   year = {1998}
}

@article{Bucklandetal2007,
   author = {Buckland, Stephen T. and Newman, Ken B. and Fern´andez, Carmen and Thomas, Len and Harwood, John},
   title = {Embedding population dynamics models in inference},
   journal = {Statistical Science},
   volume = {22},
   pages = {44–58},
   year = {2007}
}

@article{Bucklandetal2004,
   author = {Buckland, S. T. and Newman, K. B. and Thomas, L. and Koesters, N. B.},
   title = {State-space models for the dynamics of wild animal populations},
   journal = {Ecological Modelling},
   volume = {171},
   pages = {157-175},
   year = {2004}
}

@techreport{BurbidgeKuchling2004,
   author = {Burbidge, Andrew A and Kuchling, Gerald},
   title = {Western swamp tortoise recovery plan},
   institution = {Department of Conservation and Land Management, Perth, Australia},
   year = {2004}
}

@techreport{BWDC2003,
   author = {Bureau of Wildlife Diversity Conservation},
   title = {Bald eagle population monitoring (project 92912501000)},
   institution = {Bureau of Wildlife Diversity Conservation, Gainesville, FL},
   type = {Annual study progress report},
   year = {2003}
}

@article{Bureketal2005,
   author = {Burek, K. A. and Gulland, F. M.D. and Sheffield, G. and Beckmen, K. B. and Keyes, E. and Spraker, T. R. and Smith, A. W. and Skilling, D. E. and Evermann, J. F. and Stott, J. L. and Saliki, J. T. and Trites, A. W.},
   title = {Infectious disease and the decline of Steller sea lions (Eumetopias jubatus) in Alaska, USA: Insights from serological data},
   journal = {Journal of Wildlife Diseases},
   volume = {41},
   pages = {512-524},
   year = {2005}
}

@article{Burn2004,
   author = {Burn, D. M.},
   title = {Endangered and threatened wildlife and plants; listing the southwest Alaska distinct population segment of the northern sea otter (Enhydra lutris kenyoni) as threatened},
   journal = {Federal Register},
   volume = {69},
   number = {28},
   pages = {6600-6621},
   year = {2004}
}

@book{BurnhamAnderson2002,
   author = {Burnham, K. P. and Anderson, D. R.},
   title = {Model selection and multimodel inference},
   publisher = {Springer Science+Business Media, Inc.},
   address = {New York, New York},
   edition = {2nd},
   year = {2002}
}

@book{BurnhamAnderson2002,
   author = {Burnham, K. P. and Anderson, D. R.},
   title = {Model selection and multi-model inference},
   publisher = {Springer Publishing},
   address = {New York, NY},
   year = {2002}
}

@techreport{Byrd2005,
   author = {Byrd, Vernon},
   title = {Is the pelagic distribution of seabirds in the Bering Sea driven by climate change? A retrospective analysis},
   year = {2005}
}

@article{Cabot1996,
   author = {Cabot, D.},
   title = {Performance of the roseate tern population breeding in North-West Europe — Ireland, Britain and France, 1960–94},
   journal = {Biology and Environment: Proceedings of the Royal Irish Academy},
   volume = {96B},
   number = {2},
   pages = {55–68},
   year = {1996}
}

@article{Calderetal2003,
   author = {Calder, C. and Lavine, M. and Muller, P. and Clark, J. S.},
   title = {Incorporating multiple sources of stochasticity into dynamic population models},
   journal = {Ecology},
   volume = {84},
   number = {6},
   pages = {1395–1402},
   year = {2003}
}

@techreport{CalkinsPitcher1982,
   author = {Calkins, D. G. and Pitcher, K. W.},
   title = {Population assessment, ecology and trophic relationships of Steller sea lions in the Gulf of Alaska},
   institution = {U.S. Department of Commerce},
   number = {Final Report 17},
   year = {1982}
}

@article{Calletal2007,
   author = {Call, Katherine A. and Fadely, Brian S. and Greig, Angie and Rehberg, Michael J.},
   title = {At-sea and on-shore cycles of juvenile Steller sea lions (Eumetopias jubatus) derived from satellite dive recorders: A comparison between declining and increasing populations},
   journal = { Deep-Sea Research},
   volume = {54},
   pages = {298-310},
   year = {2007}
}

@phdthesis{Cameron2001,
   author = {Cameron, M. },
   title = {Dynamics of a Weddell seal (Leptonychotes weddellii) population in McMurdo Sound, Antarctica},
   university = {University of Minnesota},
   type = {Ph.D.},
   year = {2001}
}

@article{CameronSiniff2004,
   author = {Cameron, M. F. and Siniff, D. B.},
   title = {Age-specific survival, abundance, and immigration rates of a Weddell seal (Leptonychotes weddellii) population in McMurdo Sound, Antarctica},
   journal = {Canadian Journal of Zoology},
   volume = {82},
   pages = {601–615},
   year = {2004}
}

@article{Carlinetal1992,
   author = {Carlin, B. P. and Polson, N. G. and Stoffer, D. S.},
   title = {A Monte Carlo approach to nonnormal and nonlinear state-space modeling},
   journal = {Journal of the American Statistical Association},
   volume = {87},
   pages = {493-500},
   year = {1992}
}

@techreport{Carrettaetal2006,
   author = {Carretta, J.V. and Forney, K.A. and Muto, M.M. and Barlow, J. and Baker, J. and Hanson, Brad and Lowry, M.},
   title = {U.S. Pacific Marine Mammal Stock Assessments: 2005},
   institution = {U.S. Department of Commerce, NOAA Technical Memorandum NMFS-SWFSC-388},
   year = {2006}
}

@inbook{Carrettaetal2006,
   author = {Carretta, James V. and Forney, Karin A. and Muto, Marcia M. and Barlow, Jay and Baker, Jason and Hanson, Brad and Lowry, Mark S.},
   title = {Stock assessment for the harbor seal (Phoca vitulina richardsi): California stock},
   booktitle = {U.S. Pacific marine mammal stock assessments: 2005},
   publisher = {U.S. Department of Commerce, NOAA-TM-NMFS-SWFSC-388},
   address = {Washington, DC},
   pages = {8-14},
   year = {2006}
}

@book{Caswell2001,
   author = {Caswell, H.},
   title = {Matrix population models: construction, analysis, and interpretation},
   publisher = {Sinauer},
   address = {Sunderland, MA, USA},
   year = {2001}
}

@article{CavanaughShumway1997,
   author = {Cavanaugh, J.E. and Shumway, R.H.},
   title = {A bootstrap variant of {AIC} for state-space model selection},
   journal = {Statistica Sinica},
   volume = {7},
   pages = {473-496},
   year = {1997}
}

@article{ChaloupkaBalazs2007,
   author = {Chaloupka, M. and Balazs, G.},
   title = {Using Bayesian state-space modelling to assess the recovery and harvest potential of the Hawaiian green sea turtle stock},
   journal = {Ecological Modelling},
   volume = {205},
   pages = {93--109},
   year = {2007}
}

@article{CheangReinsel2000,
   author = {Cheang, W. K. and Reinsel, G. C.},
   title = {Bias reduction of autoregressive estimates in time series regression model through restricted maximum likelihood},
   journal = {Journal of the American Statistical Association},
   volume = {95},
   pages = {1173--1184},
   year = {2000}
}

@techreport{Chumbleyetal1997,
   author = {Chumbley, K. and Sease, J. and Strick, M. and Towell, R.},
   title = {Field studies of Steller sea lions (Eumetopias jubatus) at Marmot Island, Alaska 1979 through 1994},
   institution = {NOAA Tech. Memo. NMFS-AFSC-77,  U.S. Department of Commerce},
   year = {1997}
}

@article{ClarkBjornstad2004,
   author = {Clark, J.S. and Bj{\o}rnstad, O.N.},
   title = {Population time series: process variability, observation errors, missing values, lags, and hidden states},
   journal = {Ecology},
   volume = {85},
   pages = {3140-3150},
   year = {2004}
}

@article{Cohen1977,
   author = {Cohen, J.},
   title = {Ergodicity of age structure in populations with Markovian vital rates, III: finite-state moments and growth rate; an illustration},
   journal = {Advances in Applied Probability},
   volume = {9},
   number = {462-475},
   year = {1977}
}

@article{CoulsonThomas1985,
   author = {Coulson, J. C. and Thomas, C. S.},
   title = {Changes in the biology of the kittiwake Rissa tridactyla: A 31-year study of a breeding colony},
   journal = {Journal of Animal Ecology},
   volume = {54},
   pages = {9–26},
   year = {1985}
}

@article{Coulsonetal2001,
   author = {Coulson, T. and Mace, G. M. and Hudson, E. and Possingham, H.},
   title = {The use and abuse of population viability analysis},
   journal = {Trends in Ecology and Evolution},
   volume = {16},
   number = {5},
   pages = {219-221},
   year = {2001}
}

@article{Coulsonetal2004,
   author = {Coulson, T. and Rohani, P. and Pascual, M.},
   title = {Skeletons, noise and population growth: the end of an old debate?},
   journal = {Trends in Ecology and Evolution},
   volume = {19},
   number = {7},
   pages = {359-364},
   year = {2004}
}

@article{Cramp1972,
   author = {Cramp, Stanley},
   title = {One hundred and fifty years of mute swans on the Thames},
   journal = {Wildfowl},
   volume = {23},
   pages = {119-124},
   year = {1972}
}

@article{Cressieetal2009,
   author = {Cressie, Noel and Calder, Catherine A. and Clark, James S. and Ver Hoef, Jay M. and Wikle, Christopher K.},
   title = {Accounting for uncertainty in ecological analysis: the strengths and limitations of hierarchical statistical modeling},
   journal = {Ecological Applications},
   volume = {10},
   number = {3},
   pages = {553-570},
   year = {2009}
}

@article{Crouseetal1987,
   author = {Crouse, D. T. and Crowder, L. B. and Caswell, H.},
   title = {A stage-based population-model for Loggerhead sea-turtles and implications for conservation},
   journal = {Ecology},
   volume = {68},
   pages = {1412-1423},
   year = {1987}
}

@inbook{Croxalletal1998,
   author = {Croxall, J. P. and Prince, P. A. and Rothery, P. and Wood, A. G.},
   title = {Population changes in albatrosses in South Georgia},
   booktitle = {Albatross biology and conservation},
   editor = {Robertson, G. and Gales, R.},
   publisher = {Surrey Beatty and Sons},
   address = {Chipping Norton, NSW},
   pages = {69-83},
   year = {1998}
}

@article{Croxalletal1990,
   author = {Croxall, J. P. and Rothery, P. and Pickering, S. P. C. and Prince, P. A. },
   title = {Reproductive performance, recruitment and survival of wandering albatrosses Diomedea exulans at Bird Island, South Georgia},
   journal = {Journal of Animal Ecology},
   volume = {59},
   number = {2},
   pages = {775-796},
   year = {1990}
}

@article{Cuthbertetal2003,
   author = {Cuthbert, Richard and Ryan, Peter G. and Cooper, John and Hilton, Geoff},
   title = {Demography and population trends of the Atlantic yellow-nosed albatross},
   journal = {Condor},
   volume = {105},
   number = {3},
   pages = {439–452},
   year = {2003}
}

@article{Daleetal2000,
   author = {Dale, V. H. and Brown, S. and Haeuber, R. A. and Hobbs, N. T. and Huntly, N. and Naiman, R. J. and Riebsame, W. E. and Turner, M. G. and Valone, T. J.},
   title = {Ecological principles and guidelines for managing the use of land},
   journal = {Ecological Applications},
   volume = {10},
   number = {3},
   pages = {639-670},
   year = {2000}
}

@article{Dalton2005,
   author = {Dalton, R.},
   title = {Conservation biology: Is this any way to save a species?},
   journal = {Nature},
   volume = {436},
   pages = {14-16},
   year = {2005}
}

@techreport{Danksetal1996,
   author = {Danks, Alan and Burbidge, Andrew A. and Burbidge, Allan H. and Smith, Graeme T.},
   title = {Noisy scrub-bird (Atrichornis clamosus) recovery plan},
   institution = {Department of Conservation and Land Management, Como, Australia},
   year = {1996}
}

@techreport{DauMallek2003,
   author = {Dau, Christian P. and Mallek, Edward J.},
   title = {Aerial survey of emperor geese and other waterbirds in Southwestern Alaska, Spring 2003},
   type = {Report. U. S. Fish and Wildlife Service, Migratory Bird Management, 1011 E. Tudor Road, Anchorage, Alaska 99503},
   year = {2003}
}

@article{Davis1994,
   author = {Davis, Alison},
   title = {Status, distribution, and population trends of the New Zealand shore plover Thinornis novaeseelandiae},
   journal = {Notornis},
   volume = {S41},
   pages = {179-194},
   year = {1994}
}

@article{DavisNewton1981,
   author = {Davis, P. E. and Newton, I.},
   title = {Population and breeding of red kites in Wales Over a 30-year period},
   journal = {Journal of Animal Ecology},
   volume = {50},
   number = {3},
   pages = {759-772},
   year = {1981}
}

@article{deJong1988,
   author = {de Jong, Piet},
   title = {The likelihood for a state space model},
   journal = {Biometrika},
   volume = {75},
   number = {1},
   pages = {165-169},
   year = {1988}
}

@article{deJong1989,
   author = {de Jong, Piet},
   title = {Smoothing and interpolation with the state space model},
   journal = {Journal of the American Statistical Association},
   volume = {84},
   year = {1989}
}

@article{deJongPenzer1998,
   author = {de Jong, Piet and Penzer, Jeremy},
   title = {Diagnosing shocks in time series},
   journal = {Journal of the American Statistical Association},
   volume = {93},
   number = {442},
   pages = {796-806},
   year = {1998}
}

@techreport{deJongPenzer2004,
   author = {de Jong, P. and Penzer, Jeremy},
   title = {The ARMA model in state space form},
   year = {2004}
}

@article{deValpine2002,
   author = {de Valpine, Perry},
   title = {Review of methods for fitting time-series models with process and observation error and likelihood calculations for nonlinear, non-Gaussian state-space models},
   journal = {Bulletin of Marine Science},
   volume = {70},
   number = {2},
   pages = {455-471},
   year = {2002}
}

@article{deValpine2003,
   author = {de Valpine, Perry},
   title = {Better inferences from population-dynamics experiments using Monte Carlo state-space likelihood methods},
   journal = {Ecology},
   volume = {84},
   pages = {3064–3077},
   year = {2003}
}

@article{deValpine2004,
   author = {de Valpine, P.},
   title = {Monte Carlo state-space likelihoods by weighted posterior kernel density estimation},
   journal = {Journal of the American Statistical Association},
   volume = {99},
   pages = {523–536},
   year = {2004}
}

@article{deValpineHastings2002,
   author = {de Valpine, Perry and Hastings, Alan},
   title = {Fitting population models incorporating process noise and observation error},
   journal = {Ecological Monographs},
   volume = {72},
   number = {1},
   pages = {57-76},
   year = {2002}
}

@article{deValpineHilborn2005,
   author = {de Valpine, P. and Hilborn, Ray},
   title = {State-space likelihoods for nonlinear fisheries time series},
   journal = {Canadian Journal of Fisheries and Aquatic Sciences},
   volume = {62},
   pages = {1937-1952},
   year = {2005}
}

@techreport{DeMasteretal2004,
   author = {DeMaster, D. and Angliss, R. and Cochrane, J. and Mace, P. and Merrick, R. and Miller, M. and Rumsey, S. and Taylor, B. and Thompson, G. and Waples, R.},
   title = {Recommendations to NOAA Fisheries: ESA listing criteria by the Quantitative Working Group 10 June 2004},
   institution = {U.S. Department of Commerce, NOAA Tech. Memo. NMFS-F/SPO-67},
   year = {2004}
}

@article{DeMasteretal2006,
   author = {DeMaster, Douglas P. and Trites, Andrew W. and Clapham, Phillip and Mizroch, Sally and Wade, Paul and Small, Robert J. and Ver Hoef, Jay},
   title = {The sequential megafaunal collapse hypothesis: Testing with existing data},
   journal = {Progress in Oceanography},
   volume = {68},
   pages = {329–342},
   year = {2006}
}

@article{Dempsteretal1977,
   author = {Dempster, Arthur and Laird, Nan and Rubin, Donald},
   title = {Likelihood from incomplete data via the {EM} algorithm},
   journal = {Journal of the Royal Statistical Society, Series B},
   volume = {39},
   number = {1},
   pages = {1-38},
   year = {1977}
}

@article{denBoer1991,
   author = {den Boer, P. J.},
   title = {Seeing the trees for the wood: random walks or bounded fluctuations of population size?},
   journal = {Oecologia},
   volume = {86},
   pages = {484-491},
   year = {1991}
}

@article{denBoerReddingius1989,
   author = {den Boer, P. J. and Reddingius, J.},
   title = {On the stabilization of animal numbers.  Problems of testing. 2. Confontation with data from the field},
   journal = {Oecologia},
   volume = {79},
   pages = {484-491},
   year = {1989}
}

@article{DennisCostantino1988,
   author = {Dennis, Brian and Costantino, R. F.},
   title = {Analysis of steady-state populations with the gamma abundance model: application to Tribolium},
   journal = {Ecology},
   volume = {69},
   pages = {1200-1213},
   year = {1988}
}

@article{Dennis2001,
   author = {Dennis, B. and Desharnais, R. A. and Cushing, J. M. and Henson, S. M. and Costantino, R. F.},
   title = {Estimating chaos and complex dynamics in an insect population},
   journal = {Ecological Monographs},
   volume = {71},
   number = {2},
   pages = {277-303},
   year = {2001}
}

@article{Dennisetal1998,
   author = {Dennis, B. and Kemp, W. P. and Taper, M. L.},
   title = {Joint density dependence},
   journal = {Ecology},
   volume = {79},
   number = {2},
   pages = {426-441},
   year = {1998}
}

@article{Dennisetal1991,
   author = {Dennis, B. and Munholland, P. L. and Scott, J. M.},
   title = {Estimation of growth and extinction parameters for endangered species},
   journal = {Ecological Monographs},
   volume = {61},
   pages = {115-143},
   year = {1991}
}

@article{DennisOtten2000,
   author = {Dennis, Brian and Otten, Mark R. M.},
   title = {Joint effects of density dependence and rainfall on abundance of San Joaquin Kit Fox},
   journal = {Journal of Wildlife Management},
   volume = {64},
   number = {2},
   pages = {388-400},
   year = {2000}
}

@article{Dennisetal2006,
   author = {Dennis, B. and Ponciano, J. M. and Lele, S. R. and Taper, M. L. and Staples, D. F.},
   title = {Estimating density dependence, process noise, and observation error},
   journal = {Ecological Monographs},
   volume = {76},
   number = {3},
   pages = {323-341},
   year = {2006}
}

@article{DennisTaper1994,
   author = {Dennis, Brian and Taper, Mark L.},
   title = {Density dependence in time series observations of natural populations: estimation and testing },
   journal = {Ecological Monographs},
   volume = {64},
   number = {2},
   pages = {205-224},
   year = {1994}
}

@techreport{DOC2001,
   author = {Department of Conservation},
   title = {New Zealand shore plover recovery plan 2001-2011},
   institution = {New Zealand Department of Conservation, PO Box 10-420, Wellington, NZ},
   type = {Threatened Species Recovery Plan 44},
   year = {2001}
}

@article{DiserudEngen2000,
   author = {Diserud, O. H. and Engen, S.},
   title = {A general and dynamic species abundance model, embracing the lognormal and the gamma models},
   journal = {American Naturalist},
   volume = {155},
   number = {4},
   pages = {498-511},
   year = {2000}
}

@techreport{DOAWR,
   author = {Division of Aquatic and Wildlife Resources},
   title = {Job progress reports: current status, distribution, and natural history of Mariana fruit bats},
   institution = {Federal Aid to Fish and Wildlife Restoration, Guam, Guam Department of Agriculture, Mangilao, Guam.},
   year = {1981-2001}
}

@book{DixitPindyck1994,
   author = {Dixit, Vinash K. and Pindyck, Robert S.},
   title = {Investment under uncertainty},
   publisher = {Princeton University Press},
   address = {Princeton, NJ},
   year = {1994}
}

@article{Doaketal1994,
   author = {Doak, D. and Kareiva, P. and Klepetka, B.},
   title = {Modeling population viability for the desert tortoise in the Western Mojave desert},
   journal = {Ecological Applications},
   volume = {4},
   pages = {446-460},
   year = {1994}
}

@article{DorazioJohnson2003,
   author = {Dorazio, Robert M. and Johnson, Fred A.},
   title = {Bayesian inference and decision theory--a framework for decision making in natural resource management},
   journal = {Ecological Applications},
   volume = {13},
   number = {2},
   pages = {556-563},
   year = {2003}
}

@article{Dormannetal2013,
   author = {Carsten F. Dormann and Jane Elith and Sven Bacher and Carsten Buchmann and Gudrun Carl and Gabriel Carré and Jaime R. García Marquéz and Bernd Gruber and Bruno Lafourcade and Pedro J. Leitão and Tamara Münkemüller and Colin McClean and Patrick E. Osborne and Björn Reineking and Boris Schröder and Andrew K. Skidmore and Damaris Zurell and Sven Lautenbach},
   title = {Collinearity: a review of methods to deal with it and a simulation study evaluating their performance},
   journal = {Ecography},
   volume = {36},
   pages = {027-046},
   year = {2013}
}
@article{Doroffetal2003,
   author = {Doroff, A. M. and Estes, J. A. and Tinker, M. T. and Burns, D. M. and Evans, T. J.},
   title = {Sea otter population declines in the Aleutian archipelago},
   journal = {Journal of Mammalogy},
   volume = {84},
   pages = {55-64},
   year = {2003}
}

@article{DoucetTadic2003,
   author = {Doucet, A. and Tadic, V. B.},
   title = {Parameter estimation in general state-space models using particle methods},
   journal = {Annals of the Institute of Statistical Mathematics},
   volume = {55},
   number = {2},
   pages = {409-422},
   year = {2003}
}

@article{Drechsleretal2004,
   author = {Drechsler, Martin and Burgman, Mark A.},
   title = {Combining population viability analysis with decision analysis},
   journal = {Biodiversity and Conservation},
   volume = {13},
   number = {1},
   pages = {115-139},
   year = {2004}
}

@article{Driscoll2007,
   author = {Driscoll, D. A.},
   title = {How to find a metapopulation},
   journal = {Canadian Journal of Zoology},
   volume = {85},
   number = {10},
   pages = {1031-1048},
   year = {2007}
}

@article{Duffy2003,
   author = {Duffy, J. Emmett},
   title = {Biodiversity loss, trophic skew, and ecosystem functioning},
   journal = {Ecology Letters},
   volume = {3},
   pages = {680-687},
   year = {2003}
}

@article{Dunnetal1978,
   author = {Dunnet, G. M. and Ollason, J. C. and Anderson, A.},
   title = {A 28-year study of breeding fulmars Fulmarus glacialis in Orkney},
   journal = {Ibis},
   volume = {121},
   pages = {293-300},
   year = {1978}
}

@book{DurbinKoopman2001,
   author = {Durbin, J. and Koopman, S. J.},
   title = {Time series analysis by state space methods},
   publisher = {Oxford University Press},
   address = {Oxford},
   pages = {253},
   year = {2001}
}

@article{Eberhardt2002,
   author = {Eberhardt, L. L.},
   title = {A paradigm for population analysis of long-lived vertebrates},
   journal = {Ecology},
   volume = {83},
   number = {10},
   pages = {2841-2854},
   year = {2002}
}

@article{Eberhardtetal1986,
   author = {Eberhardt, L. L. and Knight, R. R. and Blanchard, B.},
   title = {Monitoring grizzly bear population trends},
   journal = {Journal of Wildlife Management},
   volume = {50},
   pages = {613-618},
   year = {1986}
}

@article{Ellison2004,
   author = {Ellison, A. M.},
   title = {Bayesian inference in ecology},
   journal = {Ecology Letters},
   volume = {7},
   pages = {509-520},
   year = {2004}
}

@article{Ellner2003,
   author = {Ellner, S. P.},
   title = {When does parameter drift decrease the uncertainty in extinction risk estimates?},
   journal = {Ecology Letters},
   volume = {6},
   number = {12},
   pages = {1039-1045},
   year = {2003}
}

@article{Ellneretal1998,
   author = {Ellner, S. P. and Bailey, B. A. and Bobashev, G. V. and A. R. Gallant, B. and Grenfell, T. and Nychka, D. W.},
   title = {Noise and nonlinearity in measles epidemics: combining mechanistic and statistical approaches to population modeling},
   journal = {American Naturalist},
   volume = {15},
   pages = {425--440},
   year = {1998}
}

@article{Ellneretal2002,
   author = {Ellner, S. P. and Fieberg, J. and Ludwig, D. and Wilcox, C.},
   title = {Precision of population viability analysis},
   journal = {Conservation Biology},
   volume = {16},
   number = {1},
   pages = {258-261},
   year = {2002}
}

@article{EllnerHolmes2008,
   author = {Ellner, S. P. and Holmes, E. E.},
   title = {Resolving the debate on when extinction risk is predictable},
   journal = {Ecology Letters},
   volume = {11},
   pages = {E1-E5},
   year = {2008}
}

@article{Engenetal2003,
   author = {Engen, S. and Lande, R. and Sæther, B.-E.},
   title = {Demographic stochasticity and allee effects in populations' with two sexes},
   journal = {Ecology},
   volume = {84},
   number = {9},
   pages = {2378-2386},
   year = {2003}
}

@article{Engenetal2007,
   author = {Engen, S. and Lande, R. and Sæther, B-E},
   title = {Using reproductive value to estimate key parameters in density-independent age-structured populations},
   journal = {Journal of Theoretical Biology},
   volume = {244},
   pages = {308-317},
   year = {2007}
}

@article{Engenetal2005,
   author = {Engen, S. and Lande, R. and Sæther, B.-E. and Weimerskirch, H.},
   title = {Extinction in relation to demographic and environmental stochasticity in age-structured models},
   journal = {Mathematical Biosciences},
   volume = {195},
   number = {2},
   pages = {210-227},
   year = {2005}
}

@article{EngenSaether2000,
   author = {Engen, S. and Sæther, B.-E.},
   title = {Predicting the time to quasi-extinction for populations far below their carrying capacity},
   journal = {Journal of Theoretical Biology},
   volume = {205},
   pages = {649-658},
   year = {2000}
}

@article{Engenetal2001,
   author = {Engen, S. and Sæther, B. -E. and Møller, A. P.},
   title = {Stochastic population dynamics and time to extinction of a declining population of barn swallows},
   journal = {Journal of Animal Ecology},
   volume = {70},
   pages = {789-797},
   year = {2001}
}

@article{Erzini2005,
   author = {Erzini, Karim},
   title = {Trends in NE Atlantic landings (southern Portugal): identifying the relative importance of fisheries and environmental variables},
   journal = {Fisheries Oceanography},
   volume = {14},
   pages = {195-209},
   year = {2005}
}

@article{Erzinietal2005,
   author = {Erzini, K. and Inejih, C. A. O. and Stobberup, K. A.},
   title = {An application of two techniques for the analysis of short, multivariate non-stationary time-series of Mauritanian trawl survey data},
   journal = {ICES Journal of Marine Science},
   volume = {62},
   pages = {353-359},
   year = {2005}
}

@inbook{Etienneetal2004,
   author = {Etienne, R. S. and Ter Braak, C.J.F. and Vos, C.C.},
   title = {Application of stochastic patch occupancy models to real metapoulations},
   booktitle = {Ecology, genetics, and evolution of metapopulations},
   editor = {Hanski, I.A. and Gaggiotti, O. E.},
   publisher = {Elsevier Academic Press},
   address = {Burlington, MA},
   pages = {105-132},
   year = {2004}
}

@article{FaganHolmes2006,
   author = {Fagan, W. F and Holmes, E. E.},
   title = {Quantifying the extinction vortex},
   journal = {Ecology Letters},
   volume = {9},
   pages = {51-60},
   year = {2006}
}

@article{Faganetal2001,
   author = {Fagan, W. F. and Meir, E. and Prendergast, J. and Folarin, A. and Karieva, P.},
   title = {Characterizing population vulnerability for 758 species},
   journal = {Ecology Letters},
   volume = {4},
   number = {2},
   pages = {132-138},
   year = {2001}
}

@book{Faraway2004,
   author = {Faraway, Julian},
   title = {Linear models with R},
   publisher = {CRC Press},
   year = {2004}
}

@book{Feller1968,
   author = {Feller, W.},
   title = {An introduction to probability theory and its applications},
   publisher = {Wiley},
   address = {New York, NY, USA},
   year = {1968}
}

@book{Ferguson1996,
   author = {Ferguson, Thomas S.},
   title = {A course in large sample theory},
   publisher = {Chapman and Hall},
   year = {1996}
}

@techreport{FerreroFritz1994,
   author = {Ferrero, R. and Fritz, L. W.},
   title = {Comparisons of walleye pollock, Theragra chalcogramma, harvest to Steller sea lion, Eumetopias jubatus, abundance in the Bering Sea and Gulf of Alaska},
   institution = {U.S. Department of Commerce, NOAA Tech. Memo. NMFS-AFSC-43},
   year = {1994}
}

@book{FerroroFritz2002,
   author = {Ferrero, R. C. and Fritz, L. W.},
   title = {Steller sea lion research coordination: a brief history and summary of recent progress},
   publisher = {U.S. Department of Commerce, NOAA Tech. Memo. NMFS-AFSC-129, 34p.},
   year = {2002}
}

@article{FestaBianchet2003,
   author = {Festa-Bianchet, M. and Gaillard, J. and Côté, S. D.},
   title = {Variable age structure and apparent density dependence in survival of adult ungulates},
   journal = {Journal of Animal Ecology},
   volume = {72},
   pages = {640–649},
   year = {2003}
}

@article{FiebergEllner2000,
   author = {Fieberg, J. and Ellner, S. P.},
   title = {When is it meaningful to estimate an extinction probability?},
   journal = {Ecology},
   volume = {81},
   number = {7},
   pages = {2040-2047},
   year = {2000}
}

@article{FiebergEllner2001,
   author = {Fieberg, J. and Ellner, S. P.},
   title = {Stochastic matrix models for conservation and management: a comparative review of methods},
   journal = {Ecology Letters},
   volume = {4},
   number = {3},
   pages = {244-266},
   year = {2001}
}

@article{FisherTippett1928,
   author = {Fisher, R. A. and Tippett, L. H. C.},
   title = {Limiting forms of the frequency distributions of the largest and smallest member of a sample},
   journal = {Biometrika},
   volume = {17},
   pages = {364-387},
   year = {1928}
}

@article{Foley1994,
   author = {Foley, P.},
   title = {Predicting extinction times from environmental stochasticity and carrying capacity},
   journal = {Conservation Biology},
   volume = {8},
   number = {1},
   pages = {124-137},
   year = {1994}
}

@article{Foley2000,
   author = {Foley, P.},
   title = {Problems in extinction model selection and parameter estimation},
   journal = {Environmental Management},
   volume = {26},
   pages = {55-73},
   year = {2000}
}

@article{Forster1981,
   author = {Forster, Charles W.},
   title = {Density dependence as related to life history strategy},
   journal = {Ecology},
   volume = {62},
   number = {3},
   pages = {602-610},
   year = {1981}
}

@article{Forster2002,
   author = {Forster, Malcolm R.},
   title = {Predictive accuracy as an achievable goal of science},
   journal = {Philosophy of Science},
   volume = {69},
   pages = {S124-S134},
   year = {2002}
}

@article{FoxKendall2002,
   author = {Fox, Gordon A. and Kendall, Bruce E.},
   title = {Demographic stochasticity and the variance reduction effect},
   journal = {Ecology},
   volume = {83},
   number = {7},
   pages = {1928-1934},
   year = {2002}
}

@article{FritzBrown2005,
   author = {Fritz, L. W. and Brown, E.},
   title = {Survey- and fishery-derived estimates of Pacific cod (Gadus macrocephalus) biomass: implications for strategies to reduce interactions between groundfish fisheries and Steller sea lions (Eumetopias jubatus)},
   journal = {Fishery Bulletin},
   volume = {103},
   pages = {501-515},
   year = {2005}
}

@article{Fritzetal1995,
   author = {Fritz, L. W. and Ferrero, R. C. and Berg, R. J. },
   title = {The threatened status of Steller sea lions, Eumetopias jubatus, under the Endangered Species Act: effects on Alaska groundfish fisheries management},
   journal = {Marine Fisheries Review},
   volume = {57},
   pages = {14-27},
   year = {1995}
}

@article{FritzHinckley2005,
   author = {Fritz, L. W. and Hinckley, S.},
   title = {A critical review of the regime shift-“junk food”-nutritional stress hypothesis for the decline of the western stock of Steller sea lion},
   journal = {Marine Mammal Science},
   volume = {21},
   pages = {476-518},
   year = {2005}
}

@techreport{FritzStinchcomb2005,
   author = {Fritz, L. W. and Stinchcomb, C. },
   title = {Aerial, ship, and land-based surveys of Steller sea lions (Eumetopias jubatus) in the western stock in Alaska, June and July 2003 and 2004},
   institution = {U.S. Department of Commerce, NOAA Tech. Memo. NMFS-AFSC-153},
   year = {2005}
}

@article{Fulleretal2002,
   author = {Fuller, R.J. and Ward, E. and Hird, D. and Brown, A.F.},
   title = {Declines of ground-nesting birds in two areas of upland farmland in the south Pennines of England},
   journal = {Bird Study},
   volume = {49},
   number = {2},
   pages = {146-152},
   year = {2002}
}

@article{FurstenbergKesten1960,
   author = {Furstenberg, H. and Kesten, H.},
   title = {Products of random matrices},
   journal = {Annals of Mathematical Statistics},
   volume = {31},
   pages = {457-469},
   year = {1960}
}

@article{GarberBurger1995,
   author = {Garber, S. D. and Burger, J.},
   title = {A 20-year study documenting the relationship between turtle decline and human recreation},
   journal = {Ecological Applications},
   volume = {5},
   pages = {1151-1162},
   year = {1995}
}

@article{Gerberetal1999,
   author = {Gerber, L. R. and Master, D. P. De and Kareiva, P. M.},
   title = {Grey whales and the value of monitoring data in implementing the U.S. Endangered Species Act},
   journal = {Conservation Biology},
   volume = {13},
   pages = {1215-1219},
   year = {1999}
}

@article{Gerberetal2005,
   author = {Gerber, L. R. and McCallum, H. and Lafferty, K. D. and Sabo, J. L. and Dobson, A.},
   title = {Exposing extinction risk analysis to pathogens: Is disease just another form of density dependence?},
   journal = {Ecological Applications},
   volume = {15},
   number = {4},
   pages = {1402-1414},
   year = {2005}
}

@techreport{GhahramaniHinton1996,
   author = {Ghahramani, Z. and Hinton, G. E.},
   title = {Parameter estimation for linear dynamical systems},
   institution = {University of Totronto, Dept. of Computer Science},
   number = {CRG-TR-96-2},
   year = {1996}
}

@article{GilmartinEberhardt1995,
   author = {Gilmartin, W. G. and Eberhardt, L. L.},
   title = {Status of the Hawaiian monk seal (Monachus schauinslandi) population},
   journal = {Canadian Journal of Zoology},
   volume = {73},
   pages = {1185-1190},
   year = {1995}
}

@inbook{Gilpin1990,
   author = {Gilpin, M.E.},
   title = {Extinction in finite metapopulations living in correlated environments},
   booktitle = {Living in a patchy environment},
   editor = {Shorrocks, B.  and Swingland, I. R.},
   publisher = {Oxford University Press},
   address = {New York},
   pages = {177-186},
   year = {1990}
}

@article{GilpinAyala1973,
   author = {Gilpin, M. E. and Ayala, F. J.},
   title = {Global models of growth and competition},
   journal = {Proceedings of the National Academy of Science USA},
   volume = {70},
   pages = {3590-3593},
   year = {1973}
}

@inbook{GilpinSoule1986,
   author = {Gilpin, M.E. and Soule, M.E.},
   title = {Minimum viable populations: Processes of species extinction.},
   booktitle = {Conservation Biology: The Science of Scarcity and Diversity},
   editor = {Soule, M.E.},
   publisher = {Sinauer},
   address = {Sunderland, Massachusetts},
   pages = {19-34},
   year = {1986}
}

@article{Ginsbergetal1995,
   author = {Ginsberg, J. R. and Mace, G. M. and Albon, S.},
   title = {Local extinction in a small and declining population: wild dogs in the Serengeti},
   journal = {Proceedings of the Royal Society of London Series B Biological Sciences},
   volume = {262},
   pages = {221-228},
   year = {1995}
}

@article{Ginzburgetal1982,
   author = {Ginzburg, L. and Slobodkin, L. B. and Johnson, K. and Bindman, A. G.},
   title = {Quasi-extinction probabilities as a measure of impact on population growth. },
   journal = {Risk Analysis},
   volume = {21},
   pages = {171-181},
   year = {1982}
}

@article{Giordanietal2007,
   author = {Giordani, Paolo and Kohn, Robert and Dijk, Dick van},
   title = {A unified approach to nonlinearity, structural change, and outliers},
   journal = {Journal of Econometrics},
   volume = {137},
   pages = {112–133},
   year = {2007}
}

@article{Glaseretal2011,
   author = {Glaser, Sarah M. and Ye, Hao and Maunder, Mark and MacCall, Alec and Fogarty, Michael and Sugihara, George},
   title = {Detecting and forecasting complex nonlinear dynamics in spatially structured catch-per-unit- effort time series for North Pacific albacore (Thunnus alalunga)},
   journal = {Canadian Journal of Fisheries and Aquatic Sciences},
   volume = {68},
   pages = {400--412},
   year = {2011}
}

@inbook{Goodman1987,
   author = {Goodman, D.},
   title = {The demography of chance extinction},
   booktitle = {Viable Populations for Conservation},
   editor = {Soule, Michael},
   publisher = {Cambridge University Press},
   address = {Cambridge, UK},
   pages = {11-34},
   year = {1987}
}

@inbook{Goodman2002,
   author = {Goodman, Daniel},
   title = {Predictive Bayesian population viability analysis: a logic for listing criteria, delisting criteria, and recovery plans},
   booktitle = {Population viability analysis},
   editor = {Beissinger, Steven R. and McCullough, Dale R.},
   publisher = {University of Chicago Press},
   address = {Chicago, IL},
   year = {2002}
}

@article{Green1984,
   author = {Green, P.},
   title = {Iteratively reweighted least squares for maximum likelihood estimation, and some robust and resistant alternatives (with discussion)},
   journal = {Journal of the Royal Statistical Society B},
   volume = {46},
   pages = {149-192},
   year = {1984}
}

@article{Gudmundsson1994,
   author = {Gudmundsson, G.},
   title = {Time series analysis of catch-at-age observations},
   journal = {Applied Statistics},
   volume = {43},
   pages = {117-126},
   year = {1994}
}

@article{HakoyamaIwasa2000,
   author = {Hakoyama, H. and Iwasa, Y.},
   title = {Extinction risk of a density-dependent population estimated from a time series of population size},
   journal = {Journal of Theoretical Biology},
   volume = {204},
   pages = {337-359},
   year = {2000}
}

@article{HalleyKunin1999,
   author = {Halley, J. and Kunin, W.},
   title = {Extinction risk and the 1/f family of noise models},
   journal = {Theoretical Population Biology},
   volume = {56},
   pages = {215-239},
   year = {1999}
}

@article{Halley1996,
   author = {Halley, J. M.},
   title = {Ecology, evolution and 1/f-noise},
   journal = {Trends in Ecology and Evolution},
   volume = {11},
   number = {1},
   pages = {33-37},
   year = {1996}
}

@article{Halley2003,
   author = {Halley, J. M.},
   title = {Parameter drift stabilizes long-range extinction forecasts},
   journal = {Ecology Letters},
   volume = {6},
   number = {5},
   pages = {392-397},
   year = {2003}
}

@article{HalleyInchausti2004,
   author = {Halley, J. M. and Inchausti, P.},
   title = {The increasing importance of 1/f-noises as models of ecological variability},
   journal = {Fluctuation and Noise Letters},
   volume = {4},
   number = {2},
   pages = {R1-R26},
   year = {2004}
}

@article{HalleyKunin1999,
   author = {Halley, J. M. and Kunin, V. E.},
   title = {Extinction risk and the 1/f family of noise models},
   journal = {Theoretical Population Biology},
   volume = {56},
   number = {3},
   pages = {215-230},
   year = {1999}
}

@inbook{Hamilton1986,
   author = {Hamilton, James},
   title = {State-space models},
   booktitle = {Handbook of Econometrics},
   editor = {Engle, R. F. and McFadden, D.},
   publisher = {Elsevier},
   volume = {4},
   chapter = {50},
   pages = {3039-3080},
   year = {1986}
}

@inbook{Hamilton1994,
   author = {Hamilton, James D.},
   title = {State-space models},
   booktitle = {Handbook of Econometrics},
   editor = {Engle, R. F. and McFadden, D. L.},
   publisher = {Elsevier Science},
   volume = {IV},
   chapter = {50},
   pages = {3039-3080},
   year = {1994}
}

@article{Hamptonetal2008,
   author = {Hampton, Stephanie E. and Izmest'Eva, Lyubov R. and Moore, Marianne V. and Katz, Stephen L. and Dennis, Brian and Silow, Eugene A.},
   title = {Sixty years of environmental change in the world's largest freshwater lake -- {L}ake {B}aikal, {S}iberia},
   journal = {Global Change Biology},
   volume = {14},
   pages = {1947-1958},
   year = {2008}
}

@article{Hamptonetal2006,
   author = {Hampton, Stephanie E. and Scheuerell, Mark D. and Schindler, Daniel E.},
   title = {Coalescence in the Lake Washington story: Interaction strengths in a planktonic food web},
   journal = {Limnology and Oceanography},
   volume = {51},
   number = {5},
   pages = {2042-2051},
   year = {2006}
}

@article{HamptonSchindler2006,
   author = {Hampton, Stephanie E. and Schindler, Daniel E.},
   title = {Empirical evaluation of observation scale effects in community time series},
   journal = {Oikos},
   volume = {113},
   number = {3},
   pages = {424-439},
   year = {2006}
}

@book{Hanski1999,
   author = {Hanski, I.},
   title = {Metapopulation ecology},
   publisher = {Oxford University Press, USA},
   year = {1999}
}

@inbook{HanskiSimberloff1997,
   author = {Hanski, Ilkka and Simberloff, Daniel},
   title = {The metapopulation approach, its history, conceptual domain, and application to conservation},
   booktitle = {Metapopulation biology},
   editor = {Hanski, Ilkka and Gilpin, Michael E.},
   publisher = {Academic Press},
   address = {San Diego, CA},
   pages = {5-26},
   year = {1997}
}

@book{HanskiGilpin1997,
   author = {Hanski, I.A. and Gilpin, M.E.},
   title = {Metapopulation Biology: Ecology, Genetics, and Evolution},
   publisher = {Academic Press},
   address = {San Diego},
   year = {1997}
}

@article{HareMantua2000,
   author = {Hare, S. R. and Mantua, N. J. },
   title = {Empirical evidence for North Pacific regime shifts in 1977 and 1989},
   journal = {Progress in Oceanography},
   volume = {47},
   pages = {103-145},
   year = {2000}
}

@article{HarkonenHeideJorgensen1990,
   author = {Härkönen, T. and Heide-Jørgensen},
   title = {Comparative life histories of East Atlantic and other harbour seal populations},
   journal = {Ophelia},
   volume = {32},
   number = {3},
   pages = {211-235},
   year = {1990}
}

@inbook{Haroldson2004,
   author = {Haroldson, M.},
   title = {Unduplicated females},
   booktitle = {Yellowstone grizzly bear investigations: annual report of the Interagency Grizzly Bear Study Team, 2003},
   editor = {Schwartz, C.C. and Haroldson, M.A.},
   publisher = {U.S. Geological Survey, Bozeman, Montana.},
   pages = {10-15},
   year = {2004}
}

@article{Harrisonetal2006,
   author = {Harrison, Philip J. and Buckland, Stephen T. and Thomas, Len and Harris, Rob and Pomeroy, Paddy P. and Harwood, John},
   title = {Incorporating movement into models of grey seal population dynamics},
   journal = {Journal of Animal Ecology},
   volume = {75},
   pages = {634-645},
   year = {2006}
}

@article{Harveyetal1998,
   author = {Harvey, Andrew and Koopman, Siem Jan and Penzer, Jeremy},
   title = {Messy time series: a unified approach},
   journal = {Advances in Econometrics},
   volume = {13},
   pages = {103-143},
   year = {1998}
}

@book{Harvey1989,
   author = {Harvey, Andrew C.},
   title = {Forecasting, structural time series models and the Kalman filter},
   publisher = {Cambridge University Press},
   address = {Cambridge, UK},
   year = {1989}
}

@book{Harvey1993,
   author = {Harvey, Andrew C.},
   title = { Time Series Models},
   publisher = {Harvester Wheatsheaf},
   address = {London},
   edition = {2nd},
   year = {1993}
}

@article{HarveyKoopman1992,
   author = {Harvey, Andrew C. and Koopman, Siem Jan},
   title = {Diagnostic checking of unobserved components time series models},
   journal = {Journal of Business and Economic Statistics},
   volume = {10},
   number = {4},
   pages = {377-389},
   year = {1992}
}

@article{HarveyPhillips1979,
   author = {Harvey, Andrew C. and Phillips, G. D. A.},
   title = {Maximum likelihood estimation of regression models with autoregressive-moving average disturbances},
   journal = {Biometrika},
   volume = {66},
   number = {1},
   pages = {49-58},
   year = {1979}
}

@inbook{HarveyShephard1993,
   author = {Harvey, Andrew C and Shephard, Neil},
   title = {Structural time series models},
   booktitle = {Handbook of Statistics, Volume 11},
   editor = {Maddala, G S and Rao, C R and Vinod, H D},
   publisher = {Elsevier Science Publishers B V},
   address = {Amsterdam},
   year = {1993}
}

@article{HastingsPowell1991,
   author = {Hastings, A. and Powell, T.},
   title = {Chaos in a 3-species food-chain},
   journal = {Ecology},
   volume = {72},
   number = {3},
   pages = {896-903},
   year = {1991}
}

@techreport{HayesBuchanan2002,
   author = {Hayes, G. E. and Buchanan, J. B.},
   title = {Washington state status report for the peregrine falcon},
   institution = {Washington Department of Fish and Wildlife, Olympia, WA},
   year = {2002}
}

@techreport{Hayesetal1998,
   author = {Hays, D. W. and Tirhi, M. J. and Stinson, D. W.},
   title = {Washington state status report for the sharptailed grouse},
   institution = {Washington Department Fish and Wildlife, Olympia, WA. 57 pp.},
   year = {1998}
}

@article{Heiseetal2003,
   author = {Heise, Kathy and Barrett-Lennard, Lance G. and Saulitis, Eva and Matkin, Craig and Bain, David},
   title = {Examining the evidence for killer whale predation on Steller sea lions in British Columbia and Alaska},
   journal = {Aquatic Mammals },
   volume = {29},
   number = {3},
   pages = {325-334},
   year = {2003}
}

@article{HendersonSearle1979,
   author = {Henderson, Harold V. and Searle, S. R.},
   title = {Vec and Vech Operators for Matrices, with Some Uses in Jacobians and Multivariate Statistics },
   journal = {The Canadian Journal of Statistics},
   volume = {7},
   number = {1},
   pages = {65-81},
   year = {1979}
}

@article{Hennen2006,
   author = {Hennen, Daniel},
   title = {Associations between the Alaska Steller sea lion decline and commercial fisheries},
   journal = {Ecological Applications},
   volume = {16},
   pages = {704-717},
   year = {2006}
}

@article{Heppelletal1996,
   author = {Heppell, S. S. and Crowder, L. B. and Crouse, D. T.},
   title = {Models to evaluate headstarting as a management tool for long-lived turtles},
   journal = {Ecological Applications},
   volume = {6},
   pages = {556-565},
   year = {1996}
}

@article{Hermanetal2005,
   author = {Herman, D. P. and Burrows, D. G. and Wade, P. R. and Durban, J. W. and Matkin, C. O. and LeDuc, R. G. and Barrett-Lennard, L. G. and Krahn, M. M.},
   title = {Feeding ecology of eastern North Pacific killer whales Orcinus orca from fatty acid, stable isotope, and organochlorine analyses of blubber biopsies},
   journal = {Marine Ecology Progress Series},
   volume = {302},
   pages = {275-291},
   year = {2005}
}

@article{Higginsetal1988,
   author = {Higgins, Lesley V. and Costa, Daniel P. and Huntley, Anthony C. and LeBoeuf, Burney J.},
   title = {Behavioral and physiological measurements of maternal investment in the Steller sea lion, Eumetopias jubatus},
   journal = {Marine Mammal Science},
   volume = {4},
   pages = {44-58},
   year = {1988}
}

@book{HilbornMangel1997,
   author = {Hilborn, Ray and Mangel, Marc},
   title = {The ecological detective: confronting models with data},
   publisher = {Princeton University Press},
   address = {Princeton, NJ},
   year = {1997}
}

@article{Hinrichsen2002,
   author = {Hinrichsen, Rich},
   title = {The accuracy of alternative stochastic growth rate estimates for salmon populations},
   journal = {Canadian Journal of Fisheries and Aquatic Sciences},
   volume = {59},
   pages = {1014-1023},
   year = {2002}
}

@article{Hinrichsen2009,
   author = {Hinrichsen, R.},
   title = {Population viability analysis for several populations using multivariate state-space models },
   journal = {Ecological Modelling},
   volume = {220},
   number = {9-10},
   pages = {1197-1202},
   year = {2009}
}

@inbook{HinrichsenHolmes2009,
   author = {Hinrichsen, R. and Holmes, E. E.},
   title = {Using multivariate state-space models to study spatial structure and dynamics},
   booktitle = {Spatial Ecology},
   editor = {Cantrell, Robert Stephen and Cosner, Chris and Ruan, Shigui},
   publisher = {CRC/Chapman Hall},
   year = {2009}
}

@article{Hogarth2005,
   author = {Hogarth, W. },
   title = {Complex research on sea lions is worth the expense},
   journal = {Nature},
   volume = {436},
   pages = {1088},
   year = {2005}
}

@article{Holmes2001,
   author = {Holmes, E. E.},
   title = {Estimating risks in declining populations with poor data},
   journal = {Proceedings of the National Academy of Sciences of the United States of America},
   volume = {98},
   number = {9},
   pages = {5072-5077},
   year = {2001}
}

@article{Holmes2004,
   author = {Holmes, E. E.},
   title = {Beyond theory to application and evaluation: diffusion approximations for population viability analysis},
   journal = {Ecological Applications},
   volume = {14},
   number = {4},
   pages = {1272-1293},
   year = {2004}
}

@techreport{Holmes2010,
   author = {Holmes, E. E.},
   title = {Derivation of the {EM} algorithm for constrained and unconstrained MARSS models},
   institution = {Northwest Fisheries Science Center, Mathematical Biology Program},
   type = {Technical report},
   year = {2012}
}

@article{HolmesFagan2002,
   author = {Holmes, E. E. and Fagan, W. E.},
   title = {Validating population viability analysis for corrupted data sets},
   journal = {Ecology},
   volume = {83},
   number = {9},
   pages = {2379-2386},
   year = {2002}
}

@techreport{Holmesetal2005,
   author = {Holmes, E.E. and Fagan, W.F. and Rango, J.J. and Folarin, A. and J.A., Sorensen and Lippe, J.E. and McIntyre, N.E.},
   title = {Cross validation of quasi-extinction risks from real time series: An examination of diffusion approximation methods},
   institution = {U.S. Department of Commerce, NOAA Tech. Memo. NMFS-NWFSC-67},
   year = {2005}
}

@article{Holmesetal1994,
   author = {Holmes, E. E. and Lewis, M.A. and Banks, J. and Veit, R.},
   title = {Partial differential equation models in ecology},
   journal = {Ecology},
   volume = {75},
   pages = {17-29},
   year = {1994}
}

@article{Holmesetal2007,
   author = {Holmes, E. E. and Sabo, J. L. and Viscido, S. V. and Fagan, W. F.},
   title = {A statistical approach to quasi-extinction forecasting},
   journal = {Ecology Letters},
   volume = {10},
   number = {12},
   pages = {1182-1198},
   year = {2007}
}

@inbook{HolmesSemmens2004,
   author = {Holmes, E. E. and Semmens, B.},
   title = {Population viability analysis for metapopulations: a diffusion approximation approach},
   booktitle = {Ecology, Genetics, and Evolution of Metapopulations},
   editor = {Hanski, Illka and Gaggiotti, Oscar E.},
   publisher = {Elsevier Press},
   pages = {565-598},
   year = {2004}
}

@misc{MARSSpkg,
   author = {Holmes, E. E. and Ward, E. J.},
   title = {MARSS: Multivariate Autoregressive State Space modeling,},
   note = {R package version 1.0},
   year = {2010}
}

@techreport{Holmesetal2014,
   author = {Holmes, Elizabeth E. and Ward, Eric J. and Scheuerell, Mark D.},
   title = {Analysis of multivariate time-series using the MARSS package},
   institution = {Northwest Fisheries Science Center, Seattle, WA},
   year = {2014}
}

@article{Holmesetal2012,
   author = {Holmes, Elizabeth E. and Ward, Eric J. and Wills, Kellie},
   title = {MARSS: Multivariate autoregressive state-space models for analyzing time-series data},
   journal = {The R Journal},
   volume = {4},
   number = {1},
   pages = {11--19},
   year = {2012}
}

@techreport{HolmesWard2010,
   author = {Holmes, E. E. and Ward, E. W.},
   title = {Analyzing noisy, gappy, and multivariate population abundance data: modeling, estimation, and model selection in a maximum-likelihood framework},
   institution = {Northwest Fisheries Science Center, Mathematical Biology Program},
   year = {2010}
}

@article{HolmesYork2003,
   author = {Holmes, Elizabeth E. and York, Anne E.},
   title = {Using age structure to detect impacts on threatened populations: a case study using Steller sea lions},
   journal = {Conservation Biology},
   volume = {17},
   pages = {1794-1806},
   year = {2003}
}

@article{HorneFielding2002,
   author = {Horne, G. and Fielding, A. H.},
   title = {Recovery of the peregrine falcon Falco peregrinus in Cumbria, UK, 1966-99},
   journal = {Bird Study},
   volume = {49},
   pages = {229-236},
   year = {2002}
}

@article{Hsiehetal2008,
   author = {Hsieh, Chih-hao and Anderson, Christian and Sugihara, George},
   title = {Extending nonlinear analysis to short ecological time series},
   journal = {American Naturalist},
   volume = {171},
   pages = {71--80},
   year = {2008}
}

@inbook{Huberetal1991,
   author = {Huber, H. R. and Beckham, C. and Nisbet, J. S},
   title = {Effects of the 1982-83 El Niño on elephant seals at the South Farallon Islands},
   booktitle = {Pinnipeds and El Niño: responses to environmental stress},
   editor = {Trillmich, F. and Ono, K.},
   publisher = {Springer-Verlag},
   address = {Berlin},
   pages = {219-233},
   year = {1991}
}

@article{Huberetal1991b,
   author = {Huber, Harriet R. and Rovetta, Ane C. and Fry, Laurie A. and Johnston, Stuart},
   title = {Age-specific natality of Northern elephant seals at the South Farallon Islands, California},
   journal = {Journal of Mammalogy},
   volume = {72},
   number = {3},
   pages = {525-534},
   year = {1991}
}

@article{Humbertetal2009,
   author = {Humbert, Jean-Yves and Mills, L. Scott and Horne, Jon S. and Dennis, Brian},
   title = {A better way to estimate population trends},
   journal = {Oikos},
   volume = {118},
   number = {12},
   pages = {1940-1946},
   year = {2009}
}

@article{Hurvichetal1990,
   author = {Hurvich, C. M. and Shumway, R. H. and Tsai, C. L.},
   title = {Improved estimators of Kullback-Leibler information for autoregressive model selection in small samples},
   journal = {Biometrika},
   volume = {77},
   pages = {709-719},
   year = {1990}
}

@article{HurvichTsai1989,
   author = {Hurvich, C. M. and Tsai, C.-L.},
   title = {Regression and time series model selection in small samples},
   journal = {Biometrika},
   volume = {76},
   pages = {297-307},
   year = {1989}
}

@article{InchaustiHalley2001,
   author = {Inchausti, Pablo and Halley, John},
   title = {Investigating long-term ecological variability using the Global Population Dynamics Database},
   journal = {Science},
   volume = {293},
   number = {5530},
   pages = {655-657},
   year = {2001}
}

@article{InchaustiHalley2002,
   author = {Inchausti, P. and Halley, J.},
   title = {The long-term temporal variability and spectral colour of animal populations},
   journal = {Evolutionary Ecology Research},
   volume = {4},
   number = {7},
   pages = {1033-1048},
   year = {2002}
}

@article{InchaustiHalley2003,
   author = {Inchausti, P. and Halley, J.},
   title = {On the relation between temporal variability and persistence time in animal populations},
   journal = {Journal of Animal Ecology},
   volume = {72},
   number = {6},
   pages = {899-908},
   year = {2003}
}

@article{InchaustiWeimerskirch2001,
   author = {Inchausti, Pablo and Weimerskirch, Henri},
   title = {Risks of decline and extinction of the endangered Amsterdam albatross and the projected impact of long-line fisheries},
   journal = {Biological Conservation},
   volume = {100},
   pages = {377-386},
   year = {2001}
}

@book{IUCNRedListCriteria,
   author = {IUCN},
   title = {IUCN Red List Categories and Criteria: Version 3.1},
   publisher = { IUCN Species Survival Commission, IUCN},
   address = {Gland, Switzerland and Cambridge, UK},
   pages = {30},
   year = {2001}
}

@article{Ives1995ec,
   author = {Ives, Anthony R.},
   title = {Measuring resilience in stochastic systems},
   journal = {Ecological Monographs},
   volume = {65},
   pages = {217--233},
   year = {1995}
}

@article{Ivesetal2010,
   author = {Ives, A. R. and Abbott, K. C. and Ziebarth, N. L.},
   title = {Analysis of ecological time series with ARMA(p,q) models},
   journal = {Ecology},
   volume = {91},
   number = {3},
   pages = {858--871},
   year = {2010}
}

@article{Ivesetal1999,
   author = {Ives, Anthony R. and Carpenter, S. R. and Dennis, Brian},
   title = {Community interaction webs and zooplankton responses to planktivory manipulations},
   journal = {Ecology},
   volume = {80},
   pages = {1405--1421},
   year = {1999}
}

@article{Ivesetal2003,
   author = {Ives, A. R.  and Dennis, B. and Cottingham, K. L. and Carpenter, S. R.},
   title = {Estimating community stability and ecological interactions from time-series data},
   journal = {Ecological Monographs},
   volume = {73},
   number = {2},
   pages = {301-330},
   year = {2003}
}

@article{Jacksonetal2001,
   author = {Jackson, Jeremy B. and Kirby, Michael X. and Berger, Wolfgang H. and Bjorndal, Karen A. and Botsford, Louis W. and Bourque, Bruce J. and Bradbury, Roger H. and Cooke, Richard and Erlandson, Jon and Estes, James A. and Hughes, Terence P. and Kidwell, Susan and Lange, Carina B. and Lenihan, Hunter S. and Pandol, John M. and Peterson, Charles H. and Steneck, Robert S. and Tegner, Mia J. and Warner, Robert R.},
   title = {Historical overfishing and the recent collapse of coastal ecosystems},
   journal = {Science},
   volume = {293},
   pages = {629-638},
   year = {2001}
}

@article{Jacobietal1996,
   author = {Jacobi, J.D. and Fancy, S.G. and Giffin, J.G. and Scott, J.M.},
   title = {Long-term population variability in the palila, an endangered Hawaiian honeycreeper},
   journal = {Pacific Science},
   volume = {50},
   number = {4},
   pages = {363-370},
   year = {1996}
}

@article{Jacobsonetal2004,
   author = {Jacobson, Andrew R. and Provenzale, Antonello and Hardenberg, Achaz von and Bassano, Bruno and Festa-Bianchet, Marco},
   title = {Climate forcing and density dependence in a mountain ungulate population},
   journal = {Ecology},
   volume = {85},
   pages = {1598-1610},
   year = {2004}
}

@techreport{Janzetal2000,
   author = {Janz, D. W. and Bryant, A. A. and Dawe, N. K. and Schwantje, H. and Harper, B. and Nagorsen, D. and Doyle, D. and deLaronde, M. and Fraser, D. and Lindsay, D. and Leigh-Spencer, S. and McLaughlin, R. and Simmons, R.},
   title = {National recovery plan for the Vancouver Island marmot (Marmota vancouverensis)},
   institution = {RENEW report no. 19.  34pp.},
   year = {2000}
}

@article{Jeffriesetal2003,
   author = {Jeffries, Steven and Huber, Harriet and Calambokidis, John and Laake, Jeffrey},
   title = {Trends and status of harbor seals in Washington State 1978-1999},
   journal = {Journal of Wildlife Management},
   volume = {67},
   number = {1},
   pages = {208-219},
   year = {2003}
}

@article{Jemisonetal2006,
   author = {Jemison, L. A. and Pendleton, G. W. and Wilson, C. A. and Small, R. J.},
   title = {Long-term trends in harbor seal numbers at Tugidak Island and Nanvak Bay, AK},
   journal = {Marine Mammal Science},
   volume = {22},
   pages = {339-360},
   year = {2006}
}

@article{JohnsonOmland2004,
   author = {Johnson, Jerald B. and Omland, Kristian S.},
   title = {Model selection in ecology and evolution},
   journal = {Trends in Ecology and Evolution},
   volume = {19},
   pages = {101-108},
   year = {2004}
}

@book{JohnsonWichern2007,
   author = {Johnson, R. A. and Wichern, D. W.},
   title = {Applied multivariate statistical analysis},
   publisher = {Prentice Hall},
   address = {Upper Saddle River, NJ},
   year = {2007}
}

@article{Jonsenetal2003,
   author = {Jonsen, I. D. and Myers, R. A. and Flemming, J. M.},
   title = {Meta-analysis of animal movement using state-space models},
   journal = {Ecology},
   volume = {84},
   number = {11},
   pages = {3055-3063},
   year = {2003}
}

@article{Jorgensenetal2016,
	Author = {Jorgensen, Jeff C. and Ward, Eric J. and Scheuerell, Mark D. and Zabel, Richard W.},
	Date-Modified = {2016-05-19 19:07:15 +0000},
	Doi = {10.1002/ece3.2031},
	Journal = {Ecology and Evolution},
	Pages = {2472-2485},
	Title = {Assessing spatial covariance among time series of abundance},
	Type = {Journal Article},
	Volume = {6},
	Year = {2016}
	}

@inbook{JouventinWeimerskirch1991,
   author = {Jouventin, P. and Weimerskirch, H.},
   title = {Changes in the population size and demography of southern seabirds: Management implications},
   booktitle = {Bird population studies},
   editor = {Perrins, C. M. and Lebreton, J. D. and Hirons, G. J. M.},
   publisher = {Oxford University Press},
   address = {Oxford},
   pages = {297–314},
   year = {1991}
}

@article{Kalman1960,
   author = {Kalman, R. E.},
   title = {A new approach to linear filtering and prediction problems},
   journal = {Journal of Basic Engineering},
   volume = {82},
   number = {1},
   pages = {35-45},
   year = {1960}
}

@article{Kareivaetal2000,
   author = {Kareiva, P. and Marvier, M. and McClure, M.},
   title = {Recovery and management options for spring/summer chinook salmon in the Columbia River Basin},
   journal = {Science},
   volume = {290},
   pages = {977-979},
   year = {2000}
}

@book{KarlinTaylor1981,
   author = {Karlin, Samuel and Taylor, Howard M.},
   title = {A second course in stochastic processes},
   publisher = {Academic Press},
   address = {San Diego},
   year = {1981}
}

@techreport{Keating2002,
   author = {Keating, K. A.},
   title = {History of pronghorn population monitoring, research, and management in Yellowstone National Park},
   institution = {U.S. Geological Service, Northern Rocky Mountain Science Center, Bozeman, Montana. 72pp},
   year = {2002}
}

@book{KedemFokianos2002,
   author = {Kedem, Benjamin and Fokianos, Konstantinos},
   title = {Regression models for time series analysis},
   publisher = {Wiley and Sons},
   address = {Hoboken, NJ},
   series = {Wiley Series in Probability and Statistics},
   year = {2002}
}

@book{Keilson1979,
   author = {Keilson, Julien},
   title = {Markov chain models -- rarity and exponentiality},
   publisher = {Springer-Verlag},
   address = {New York},
   year = {1979}
}

@article{Keithetal2004,
   author = {Keith, D. A. and McCarthy, M. A. and Regan, H. and Regan, T. and Bowles, C. and Drill, C. and Craig, C. and Pellow, B. and Burgman, M. A. and Master, L. L. and Ruckelshaus, M. and Mackenzie, B. and Andelman, S. J. and Wade, P. R.},
   title = {Protocols for listing threatened species can forecast extinction},
   journal = {Ecology Letters},
   volume = {7},
   number = {11},
   pages = {1101-1108},
   year = {2004}
}

@techreport{KelleyRau2006,
   author = {Kelley, J.R., Jr. and Rau, R. D.},
   title = {American woodcock population status, 2006},
   institution = {U.S. Fish and Wildlife Service, Laurel, Maryland},
   year = {2006}
}

@article{Kendall1959,
   author = {Kendall, M.},
   title = {Hiawatha designs an experiment},
   journal = {The American Statistician},
   volume = {13},
   pages = {23-24},
   year = {1959}
}

@article{KlugCottingham2001,
   author = {Klug, J. L. and Cottingham, K. L.},
   title = {Interactions among environmental drivers: Community responses to changing nutrients and dissolved organic carbon},
   journal = {Ecology},
   volume = {82},
   number = {12},
   pages = {3390-3403},
   year = {2001}
}

@article{KnapedeValpine2010,
   author = {Knape, Jonas and de Valpine, Perry},
   title = {Are patterns of density dependence in the Global Population Dynamics Database driven by uncertainty about population abundance?},
   journal = {Ecology Letters},
   volume = {15},
   pages = {17-23},
   year = {2012}
}

@article{KohnAnsley1989,
   author = {Kohn, Robert and Ansley, Craig F.},
   title = {A fast algorithm for signal extraction, influence and cross-validation in state-space models},
   journal = {Biometrika},
   volume = {76},
   number = {1},
   pages = {65-79},
   year = {1989}
}

@article{Komdeur1996,
   author = {Komdeur, J.},
   title = {Breeding of the Seychelles magpie robin (Copsychus sechellarum) and implications for its conservation},
   journal = {Ibis},
   volume = {138},
   pages = {485–498},
   year = {1996}
}

@article{Koopman1993,
   author = {Koopman, Siem Jan},
   title = {Distrubance smoother for state space models},
   journal = {Biometrika},
   volume = {80},
   number = {1},
   pages = {117-126},
   year = {1993}
}

@inbook{KoopmanOoms2011,
   author = {Koopman, S.J. and Ooms, M.},
   title = {Forecasting economic time series using unobserved components time series models},
   booktitle = {Oxford Handbook of Economic Forecasting},
   editor = {Clements, M.P. and Hendry, D.F.},
   publisher = {Oxford University Press},
   address = {Oxford},
   pages = {129-162},
   year = {2011}
}

@article{Koopmanetal1998,
   author = {Koopman, Siem Jan and Shephard, Neil and Doornik, Jurgen A.},
   title = {Statistical algorithms for models in state space using SsfPack 2.2},
   journal = {Econometrics Journal},
   volume = {2},
   pages = {113--166},
   year = {1999}
}

@techreport{Krahn2006,
   author = {Krahn, Peggy},
   title = {Feeding ecology of eastern North Pacific killer whales (Orcinus orca) from fatty acid, stable isotope and organochlorine contaminant profiles of biopsy samples},
   year = {2006}
}

@article{Lamonetal1998,
   author = {Lamon, E.C. III and Carpenter, S.R. and Stow, C.A.},
   title = {Forecasting PCB concentrations in Lake Michigan salmonids: a dynamic linear model approach},
   journal = {Ecological Applications},
   volume = {8},
   pages = {659–668},
   year = {1998}
}

@article{Lande1993,
   author = {Lande, R.},
   title = {Risks of population extinction from demographic and environmental stochasticity and random catastrophes},
   journal = {American Naturalist},
   volume = {142},
   pages = {911-927},
   year = {1993}
}

@book{Landeetal2003,
   author = {Lande, R. and Engen, S. and Saether, B.},
   title = {Stochastic population dynamics in ecology and conservation},
   publisher = {Oxford University Press},
   address = {Oxford},
   series = {Oxford Series in Ecology and Evolution},
   year = {2003}
}

@article{Landeetal1999,
   author = {Lande, Russell and Engen, Steinar and Sæther, Bernt-Erik},
   title = {Spatial scale of population synchrony: environmental correlation versus dispersal and density regulation},
   journal = {American Naturalist},
   volume = {154},
   number = {3},
   pages = {271-281},
   year = {1999}
}

@article{LandeOrzack1988,
   author = {Lande, R. and Orzack, S. H.},
   title = {Extinction dynamics of age-structured populations in a fluctuating environment},
   journal = {Proceedings of the National Academy of Science USA},
   volume = {85},
   pages = {7418-7421},
   year = {1988}
}

@article{Lander1981,
   author = {Lander, R. H.},
   title = {A life table and biomass estimate for Alaskan fur seals},
   journal = {Fisheries Research},
   volume = {1},
   pages = {55-70},
   year = {1981}
}

@article{Larralde2004,
   author = {Larralde, Hernan},
   title = {A first passage time distribution for a discrete version of the Ornstein-Uhlenbeck process},
   journal = {Journal of Physics A: Mathematical and General},
   volume = {37},
   pages = {3759-3767},
   year = {2004}
}

@article{Lele2006,
   author = {Lele, Subhash R.},
   title = {Sampling variability and estimates of density dependence: a composite likelihood approach},
   journal = {Ecology},
   volume = {87},
   number = {1},
   pages = {189-202},
   year = {2006}
}

@article{Leleetal2007,
   author = {Lele, S. R. and Dennis, B. and Lutscher, F.},
   title = {Data cloning: easy maximum likelihood estimation for complex ecological models using Bayesian Markov chain Monte Carlo methods},
   journal = {Ecology Letters},
   volume = {10},
   number = {7},
   pages = {551-563},
   year = {2007}
}

@inbook{Levins1970,
   author = {Levins, R.},
   title = {Extinction},
   booktitle = {Some mathematical problems in biology},
   editor = {Gesternhaber, M. },
   publisher = {American Mathematical Society},
   address = {Providence},
   pages = {77–107},
   year = {1970}
}

@article{LewontinCohen1969,
   author = {Lewontin, R. C. and Cohen, D.},
   title = {On population growth in a randomly varying environment},
   journal = {Proceedings of the National Academy of Science USA},
   volume = {62},
   pages = {1056–1060},
   year = {1969}
}

@article{Lendenmayeretal1995,
   author = {Lindenmayer, D. B. and Burgman, M. A. and Akcakaya, H. R. and Lacy, R. C. and Possingham, H. P.},
   title = {A review of the generic computer-programs Alex, Ramas/Space and Vortex for modeling the viability of wildlife metapopulations},
   journal = {Ecological Modelling},
   volume = {82},
   number = {2},
   pages = {161-174},
   year = {1995}
}

@article{Lindley2003,
   author = {Lindley, S. T.},
   title = {Estimation of population growth and extinction parameters from noisy data},
   journal = {Ecological Applications},
   volume = {13},
   number = {3},
   pages = {806-813},
   year = {2003}
}

@article{Lisietal2015,
	Author = {Lisi, Peter J. and Schindler, Daniel E. and Cline, Timothy J. and Scheuerell, Mark D. and Walsh, Patrick B.},
	Doi = {10.1002/2015gl064083},
	Issn = {0094-8276},
	Journal = {Geophysical Research Letters},
	Number = {9},
	Pages = {3380-3388},
	Title = {Watershed geomorphology and snowmelt control stream thermal sensitivity to air temperature},
	Type = {Journal Article},
	Url = {<Go to ISI>://WOS:000355878300040},
	Volume = {42},
	Year = {2015}
	}

@article{LoeryNichols1985,
   author = {Loery, G. and Nichols, J. D.},
   title = {Dynamics of a black-capped chickadee population},
   journal = {Ecology},
   volume = {66},
   pages = {1195–1203},
   year = {1985}
}

@inbook{Loughlin1997,
   author = {Loughlin, T. R. },
   title = {Using the phylogeographic method to identify Steller sea lion stocks},
   booktitle = {Molecular Genetics of Marine MammalsMolecular Genetics of Marine Mammals},
   editor = {Dizon, A. E. and Chivers, S. J. and Perrin, W. F.},
   publisher = {Society for Marine Mammalogy, Spec. Publ. 3.},
   pages = {159-171},
   year = {1997}
}

@inproceedings{LoughlinMerrick1988,
   author = {Loughlin, T. R. and Merrick, R. L.},
   title = {Comparison of commercial harvest of walleye pollock and northern sea lion abundance in the Bering Sea and Gulf of Alaska},
   booktitle = {International Symposium on Biology and Management of Walleye Pollock},
   publisher = {Alaska Sea Grant Report 89-1},
   pages = {679-700},

}

@article{Loughlinetal2003,
   author = {Loughlin, T. R. and Sterling, J. T. and Merrick, R. L. and Sease, J. L. and York, A. E.},
   title = {Diving behavior of immature Steller sea lions (Eumetopias jubatus)},
   journal = {Fishery Bulletin},
   volume = {101},
   pages = {566-582},
   year = {2003}
}

@article{LoughlinYork2000,
   author = {Loughlin, T. R. and York, A. E.},
   title = {An accounting of the sources of Steller sea lion, Eumetopias jubatus, mortality},
   journal = {Marine Fisheries Review},
   volume = {62},
   number = {4},
   pages = {40-45},
   year = {2000}
}

@article{Ludwig1996,
   author = {Ludwig, D.},
   title = {Uncertainty and the assessment of extinction probabilities},
   journal = {Ecological Applications},
   volume = {6},
   number = {4},
   pages = {1067-1076},
   year = {1996}
}

@article{Ludwig1999,
   author = {Ludwig, D.},
   title = {Is it meaningful to estimate a probability of extinction?},
   journal = {Ecology},
   volume = {80},
   number = {1},
   pages = {298-310},
   year = {1999}
}

@article{LunnBoyd1993,
   author = {Lunn, N.J. and Boyd, I.L.},
   title = {Influence of maternal characteristics and environmental variation on reproduction in Antarctic fur seals},
   journal = {Symposium of the Zoological Society of London},
   volume = {66},
   pages = {115-129},
   year = {1993}
}

@article{Lunnetal1994,
   author = {Lunn, N. J. and Boyd, I. L. and Croxall, J. P.},
   title = {Reproductive performance of female Antarctic fur seals: the influence of age, breeding experience, environmental variation and individual quality},
   journal = {The Journal of Animal Ecology},
   volume = {63},
   number = {4},
   pages = {827-840},
   year = {1994}
}

@book{MacArthurWilson1967,
   author = {MacArthur, Robert H. and Wilson, E.O.},
   title = {The theory of island biogeography},
   publisher = {Princeton University Press},
   address = {Princeton},
   year = {1967}
}

@article{MaceLande1991,
   author = {Mace, Georgina M. and Lande, Russell},
   title = {Assessing extinction threats: toward a reevaluation of IUCN threatened species categories},
   journal = {Conservation Biology},
   volume = {5},
   number = {2},
   pages = {148–157},
   year = {1991}
}

@article{Maniscalcoetal2006,
   author = {Maniscalco, John M. and Parker, Pamela and Atkinson, Shannon},
   title = {Interseasonal and interannual measures of maternal care among individual Steller sea lions (Eumetopias jubatus)},
   journal = {Journal of Mammalogy},
   volume = {87},
   number = {2},
   pages = {304-311},
   year = {2006}
}

@inproceedings{Masatomi1987,
   author = {Masatomi, H.},
   title = {Population dynamics of red-crowned cranes in Hokkaido since the 1950s},
   booktitle = {Proceedings of the 1987 International Crane Workshop},
   publisher = {International Crane Foundation, Baraboo, WI},
   pages = {297–299},

}

@article{McBeath2004,
   author = {McBeath, J.},
   title = {Greenpeace v. National Marine Fisheries Service: Steller sea lions and commercial fisheries in the North Pacific},
   journal = {Alaska Law Review},
   volume = {21},
   pages = {1-42},
   year = {2004}
}

@article{McCarthyetal2003,
   author = {McCarthy, M. A. and Andelman, S. J. and Possingham, H. P.},
   title = {Reliability of relative predictions in population viability analysis},
   journal = {Conservation Biology},
   volume = {17},
   number = {4},
   pages = {982-989},
   year = {2003}
}

@book{McCullaghNelder1989,
   author = {McCullagh, P. and Nelder, J. A.},
   title = {Generalized linear models},
   publisher = {Chapman and Hall},
   address = {London},
   year = {1989}
}

@article{McFarlaneetal2000,
   author = {McFarlane, Gordon A. and King, Jacquelynne R. and Beamish, Richard J.},
   title = {Have there been recent changes in climate? Ask the fish},
   journal = {Progress in Oceanography},
   volume = {47},
   pages = {147-169},
   year = {2000}
}

@book{McLachlanKrishnan2008,
   author = {McLachlan, Geoffrey J. and Krishnan, Thriyambakam},
   title = {The {EM} algorithm and extensions},
   publisher = {John Wiley and Sons, Inc.},
   address = {Hoboken, NJ},
   edition = {2nd},
   year = {2008}
}

@article{McLaughlinetal2002,
   author = {McLaughlin, John F. and Hellmann, Jessica J. and Boggs, Carol L. and Ehrlich, Paul R.},
   title = {The route to extinction: population dynamics of a threatened butterfly},
   journal = {Oecologia},
   volume = {132},
   pages = {538–548},
   year = {2002}
}

@article{MeirFagan2000,
   author = {Meir, E. and Fagan, W. F.},
   title = {Will observation error and biases ruin the use of simple extinction models?},
   journal = {Conservation Biology},
   volume = {14},
   number = {1},
   pages = {148-154},
   year = {2000}
}

@article{Merrick1997,
   author = {Merrick, R. L.},
   title = {Current and Historical Roles of Apex Predators in the Bering Sea Ecosystem},
   journal = {Journal of Northwest Atlantic Fishery Science},
   volume = {22},
   pages = {343–355},
   year = {1997}
}

@article{MerrickLoughlin1997,
   author = {Merrick, R. L. and Loughlin, T.},
   title = {Foraging behavior of adult female and young-of-year Steller sea lions in Alaskan waters},
   journal = {Canadian Journal of Zoology},
   volume = {75},
   pages = {776-786},
   year = {1997}
}

@article{Merricketal1987,
   author = {Merrick, R. L. and Loughlin, T. R. and Calkins, D. G.},
   title = {Decline in abundance of the northern sea lion, Eumetopias jubatus, in Alaska, 1956-86},
   journal = {Fishery Bulletin},
   volume = {85},
   pages = {351-365},
   year = {1987}
}

@book{Merricketal1996,
   author = {Merrick, R. L. and Loughlin, T. R. and Calkins, D.G.},
   title = {Hot branding: A technique for long-term marking of pinnipeds},
   publisher = {U.S Department of Commerce, NOAA Tech. Memo. NMFS-AFSC-68, 21p.},
   pages = {21},
   year = {1996}
}

@article{MetaxoglouSmith2007,
   author = {Metaxoglou, K. and Smith, A.},
   title = {Maximum likelihood estimation of VARMA models using a state-space EM algorithm},
   journal = {Journal of Time Series Analysis},
   volume = {28},
   pages = {666-685},
   year = {2007}
}

@article{Meyeretal1998,
   author = {Meyer, A. H. and Schmidt, B. R. and Grossenbacher, K.},
   title = {Analysis of three amphibian populations with quarter-century long time-series},
   journal = {Proceedings of the Royal Society of London Ser. B},
   volume = {265},
   pages = {523-528},
   year = {1998}
}

@article{MicolJouventin2001,
   author = {Micol, T. and Jouventin, P.},
   title = {Long-term population trends in seven Antarctic seabirds at Pointe Géologie (Terre Adélie): human impact compared with environmental change},
   journal = {Polar Biology},
   volume = {24},
   pages = {175-185},
   year = {2001}
}

@article{MiddletonNisbet1997,
   author = {Middleton, D. A. J. and Nisbet, R. M.},
   title = {Population persistence time: estimates, models, and mechanisms},
   journal = {Ecological Applications},
   volume = {7},
   pages = {107–117},
   year = {1997}
}

@phdthesis{Milette1999,
   author = {Milette, Linda Leontine},
   title = {Behaviour of lactating Steller sea lions (Eumetopias jubatus) during the breeding season: a comparison between a declining and stable population in Alaska},
   university = {University of British Columbia},
   type = {M.S. thesis},
   year = {1999}
}

@article{MiletteTrites2003,
   author = {Milette, Linda L. and Trites, Andrew W.},
   title = {Maternal attendance patterns of Steller sea lions (Eumetopias jubatus) from stable and declining populations in Alaska},
   journal = {Canadian Journal of Zoology},
   volume = {81},
   pages = {340–348},
   year = {2003}
}

@article{MillarMeyer2000,
   author = {Millar, R. B. and Meyer, R.},
   title = {Bayesian state-space modeling of age structured data: fitting a model is just the beginning},
   journal = {Canadian Journal of Fisheries and Aquatic Sciences},
   volume = {57},
   pages = {43–50},
   year = {2000}
}

@article{Miller2001,
   author = {Miller, Craig},
   title = {Long-term monitoring of a breeding colony of white herons (Egretta alba) on the Waitangiroto River, South Westland, New Zealand},
   journal = {Notornis},
   volume = {48},
   pages = {157-163},
   year = {2001}
}

@article{MilnerGullandeetal2000,
   author = {Milner-Gulland, E. J. and Coulson, T. N. and Clutton-Brock, T. H.},
   title = {On harvesting a structured ungulate population},
   journal = {Oikos},
   volume = {88},
   pages = {592–602},
   year = {2000}
}

@article{MizrochRice2006,
   author = {Mizroch, Sally A. and Rice, Dale W.},
   title = {Have North Pacific killer whales switched prey species in response to depletion of the great whale populations?},
   journal = {Marine Ecology Progress Series},
   volume = {310},
   pages = {235–246},
   year = {2006}
}

@article{Moore1991,
   author = {Moore, N. W.},
   title = {The development of dragonfly communities and the consequences of territorial behaviour: A 27-year study on small ponds at Woodwalton Fen, Cambridgeshire, United Kingdom},
   journal = {Odontologica},
   volume = {20},
   pages = {203–231},
   year = {1991}
}

@article{Morales1999,
   author = {Morales, L. M.},
   title = {Viability in a pink environment: why "white noise models can be dangerous},
   journal = {Ecology Letters},
   volume = {2},
   number = {4},
   pages = {228-232},
   year = {1999}
}

@article{Morrisetal2002,
   author = {Morris, W. F. and Bloch, P. L. and Hudgens, B. R. and Moyle, L. C. and Stinchcombe, J. R.},
   title = {The use of population viability analysis in endangered species recovery planning: past trends and recommendations for future improvement},
   journal = {Ecological Applications},
   volume = {12},
   pages = {708-712},
   year = {2002}
}

@book{MorrisDoak2003,
   author = {Morris, W. F. and Doak, D.F.},
   title = {Quantitative conservation biology: theory and practice of population viability analysis},
   publisher = {Sinauer Associates},
   address = {Sunderland, MA USA},
   pages = {480},
   year = {2003}
}

@article{MyersWorm2003,
   author = {Myers, R. A. and Worm., B.},
   title = {Rapid worldwide depletion of predatory fish communities},
   journal = {Nature},
   volume = {423},
   pages = {280-283},
   year = {2003}
}

@article{NappHunt2001,
   author = {Napp, Jeffrey M. and Hunt, George L.},
   title = {Anomalous conditions in the south-eastern Bering Sea 1997: linkages among climate, weather, ocean, and Biology},
   journal = {Fisheries Oceanography},
   volume = {10},
   number = {1},
   pages = {61-68},
   year = {2001}
}

@book{NRC1996,
   author = {National Research Council},
   title = {The Bering Sea ecosystem},
   publisher = {The National Academies Press},
   address = {Washington, DC},
   year = {1996}
}

@book{NRC2003,
   author = {National Research Council},
   title = {Decline of the Steller sea lion in Alaskan waters: Untangling food webs and fishing nets},
   publisher = {The National Academies Press},
   address = {Washington, DC},
   year = {2003}
}

@article{Newby1973,
   author = {Newby, T.C.},
   title = {Changes in Washington State harbor seal population, 1942-1972},
   journal = {Murrelet},
   volume = {54},
   pages = {5-6},
   year = {1973}
}

@article{Newman1998,
   author = {Newman, K. B. },
   title = {State-space modeling of animal movement and mortality with application to salmon},
   journal = {Biometrics},
   volume = {54},
   pages = {1290–1314},
   year = {1998}
}

@article{Newmanetal2006,
   author = {Newman, K. B. and Buckland, S. T. and Lindley, S. T. and Thomas, L. and Fern´andez, C. .  },
   title = {Hidden process models for animal population dynamics},
   journal = {Ecological Applications},
   volume = {16},
   pages = {74–86},
   year = {2006}
}

@article{Newmanetal2008,
   author = {Newman, Ken B. and Fernández, Carmen and Thomas, Len and Buckland, Stephen T.},
   title = {Monte carlo inference for state space models of wild animal populations},
   journal = {Biometrics},
   volume = {in press},
   year = {2008}
}

@book{Newton1998,
   author = {Newton, I.},
   title = {Population limitation in birds},
   publisher = {Academic Press},
   address = {San Diego, CA.},
   note = {p. 1–27 and 449–480},
   year = {1998}
}

@article{NicholsonPossingham2007,
   author = {Nicholson, Emily and Possingham, Hugh P.},
   title = {Making conservation decisions under uncertainty for the persistence of multiple species},
   journal = {Ecological Applications},
   volume = {17},
   number = {1},
   pages = {251–265},
   year = {2007}
}

@techreport{NMFS1992,
   author = {NMFS},
   title = {Final recovery plan for the Steller sea lion (Eumetopias jubatus)},
   institution = {National Marine Fisheries Service},
   year = {1992}
}

@article{NMFS1997,
   author = {NMFS},
   title = {Threatened fish and Wildlife; change in listing status of Steller sea lions under the Endangered Species Act},
   journal = {Federal Register},
   volume = {62},
   number = {86},
   pages = {24345-24355},
   year = {1997}
}

@article{NMML,
   author = {NMML},
   year = {Unpublished data}
}

@article{Nobileetal1985,
   author = {Nobile, A. G. and Ricciardi, L. M. and Sacerdote, L.},
   title = {Exponential trends of Ornstein-Uhlenbeck first-passage-time densities},
   journal = {Journal of Applied Probability},
   volume = {22},
   pages = {360–369},
   year = {1985}
}

@article{NorstromMuir1994,
   author = {Norstrom, R. J. and Muir, D. C.},
   title = {Chlorinated hydrocarbon contaminants in Arctic marine mammals},
   journal = {Science of the Total Environment},
   volume = {154},
   pages = {107-128},
   year = {1994}
}

@article{Ohlbergeretal2016,
	Author = {Ohlberger, J. and Scheuerell, Mark D. and Schindler, Daniel E.},
	Date-Modified = {2016-05-18 21:36:41 +0000},
	Doi = {10.1002/ecs2.1333},
	Journal = {Ecosphere},
	Pages = {e01333},
	Title = {{Population coherence and environmental impacts across spatial scales: a case study of Chinook salmon}},
	Type = {Journal Article},
	Volume = {7},
	Year = {2016}
	}

@book{Okubo1980,
   author = {Okubo, A.},
   title = {Diffusion and ecological problems: mathematical models},
   publisher = {Springer-Verlag},
   address = {New York},
   volume = {10},
   series = {Biomathematics},
   pages = {254},
   year = {1980}
}

@book{OkuboLevin2001,
   author = {Okubo, A. and Levin, S.},
   title = {Diffusion and ecological problems: modern perspectives},
   publisher = {Springer-Verlag},
   address = {New York},
   pages = {488},
   year = {2001}
}

@article{Olssonetal2007,
   author = {Olsson, R. K. and Petersen, K. B. and Lehn-Schioler, T.},
   title = {State-space models: from the EM algorithm to a gradient approach},
   journal = {Neural Computation},
   volume = {19},
   number = {4},
   pages = {1097-1111},
   year = {2007}
}

@misc{OSNZ,
   author = {Ornithological Society of New Zealand},
   title = {, Beach Patrol Data Base, PO Box 12397, Wellington, New Zealand},

}

@techreport{O'SheaBogan2003,
   author = {O'Shea, T.J. and Bogan, M.A.},
   title = {Monitoring trends in bat populations of the United States and territories: problems and prospects},
   institution = {U.S. Geological Survey, Biological Resources Discipline, Information and Technology Report, USGS/BRD/ITR-2003-0003},
   year = {2003}
}

@article{Ottichiloetal2000,
   author = {Ottichilo, W. K. and Leeuw, J. De and Skidmore, A. K. and Prins, H. H. T. and Said, M. Y.},
   title = {Population trends of large non-migratory wild herbivores and livestock in the Masai Mara ecosystem, Kenya, between 1977 and 1997},
   journal = {African Journal of Ecology},
   volume = {38},
   pages = {202-216},
   year = {2000}
}

@techreport{PFC2002,
   author = {Pacific Flyway Council},
   title = {Pacific Flyway Management Plan for Pacific Brant},
   institution = {U. S. Fish and Wildlife Service},
   year = {2002}
}

@article{Packeretal1999,
   author = {Packer, C. and Altizer, S. and Appel, M. and Brown, E. and Martenson, J. and O’Brien, S. J. and Roelke-Parker, M. and Hofmann-Lehman, R. and Lutz, H.},
   title = {Viruses of the Serengeti: patterns of infection and mortality in African lions},
   journal = {Journal of Animal Ecology},
   volume = {68},
   pages = {1161–1178},
   year = {1999}
}

@article{Parr1992,
   author = {Parr, R. },
   title = {The decline to extinction of a population of golden plover in North-East Scotland},
   journal = {Ornis Scand.},
   volume = {23},
   pages = {152–158},
   year = {1992}
}

@article{PascualAdkison1994,
   author = {Pascual, M. A. and Adkison, M. D.},
   title = {The decline of northern sea lion populations: demography, harvest, or environment?},
   journal = {Ecological Applications},
   volume = {4},
   pages = {393-403},
   year = {1994}
}

@article{Pattersonetal2008,
   author = {Patterson, Toby A. and Thomas, Len and Wilcox, Chris and Ovaskainen, Otso and Matthiopoulos, Jason},
   title = {State–space models of individual animal movement},
   journal = {Trends in Ecology and Evolution},
   volume = {23},
   number = {2},
   pages = {87--94},
   year = {2008}
}

@article{Paulyetal1998,
   author = {Pauly, D. and Christensen, V. and Dalsgaard, J. and Froese, R. and F. Torres, Jr. },
   title = {Fishing down marine food webs},
   journal = {Science},
   volume = {279},
   pages = {860-863},
   year = {1998}
}

@article{Pearlman1980,
   author = {Pearlman, J. G.},
   title = {An algorithm for the exact likelihood of a high-order autoregressivemoving average process},
   journal = {Biometrika},
   volume = {67},
   number = {1},
   pages = {232–233},
   year = {1980}
}

@article{Pendletonetal2006,
   author = {Pendleton, Grey W. and Pitcher, Kenneth W. and Fritz, Lowell W. and York, Anne E. and Raum-Suryan, Kimberly L. and Loughlin, Thomas R. and Calkins, Donald G. and Hastings, Kelly K. and Gelatt., Thomas S.},
   title = {Survival of Steller sea lions in Alaska: a comparison of increasing and decreasing populations},
   journal = {Canadian Journal of Zoology},
   volume = {84},
   pages = {1163-1172},
   year = {2006}
}

@techreport{Penzer2001,
   author = {Penzer, Jeremy},
   title = {Critical values for time series diagnostics},
   institution = {Department of Statistics, London School of Economics},
   year = {2001}
}

@book{Perez2003,
   author = {Perez, M. A.},
   title = {Compilation of incidental marine mammal take data from the domestic and joint venture groundfish fisheries in the U. S. EEZ of the North Pacific, 1989-2001.},
   publisher = {U.S. Department of Commerce, NOAA Tech. Memo. NMFS-AFSC-138, 145p.},
   pages = {145},
   year = {2003}
}

@techreport{PerezLoughlin1991,
   author = {Perez, M. A. and Loughlin, T. R.},
   title = {Incidental catch of marine mammals by foreign and joint venture trawl vessels in the U. S. EEZ of the North Pacific, 1973-88},
   institution = {U.S. Department of Commerce, NOAA Tech. Rep. 104},
   number = {104},
   year = {1991}
}

@article{PetersonSilvy1996,
   author = {Peterson, M. J and Silvy, N. J.},
   title = {Reproductive stages limiting productivity of the endangered Attwater’s prairie chicken},
   journal = {Conservation Biology},
   volume = {10},
   pages = {1264–1276},
   year = {1996}
}

@article{Petersonetal1998,
   author = {Peterson, R. O. and Thomas, N. J. and Thurber, J. M. and Vucetich, J. A. and Waite, T. A.},
   title = {Population limitation and the wolves of Isle Royale},
   journal = {Journal of Mammalogy},
   volume = {79},
   pages = {828–841},
   year = {1998}
}

@book{Petrisetal2009,
   author = {Petris, Giovanni and Petrone, Sonia and Campagnoli, Patrizia},
   title = {Dynamic Linear Models with R},
   publisher = {Springer},
   address = {London},
   pages = {251},
   series = {Use R!},
   year = {2009}
}

@article{Pettersson1985,
   author = {Pettersson, B.},
   title = {Extinction of an isolated population of the middle spotted woodpecker Dendrocopos medius (L.) in Sweden and its relation to general theories on extinction},
   journal = {Biological Conservation},
   volume = {32},
   pages = {335–353},
   year = {1985}
}

@book{Pimm1991,
   author = {Pimm, S.},
   title = {The balance of nature? ecological issues in the conservation of species and communities},
   publisher = {Chicago University Press},
   address = {Chicago, IL},
   year = {1991}
}

@article{PimmRedfearn1988,
   author = {Pimm, S. and Redfearn, A.},
   title = {The variability of natural populations},
   journal = {Nature},
   volume = {334},
   pages = {613-614},
   year = {1988}
}

@article{Pimmetal1988,
   author = {Pimm, S. L. and Jones, H. L. and Diamond, J.},
   title = {On the risk of extinction},
   journal = {American Naturalist},
   volume = {132},
   pages = {757-785},
   year = {1988}
}

@article{Pistoriusetal2001,
   author = {Pistorius, P. A. and Bester, M. N. and Kirkman, S. P. and Taylor, F. E.},
   title = {Temporal changes in fecundity and age at sexual matruity of southern elephant seals at Marion Island},
   journal = {Polar Biology},
   volume = {24},
   pages = {343-348},
   year = {2001}
}

@article{Pitcher1990,
   author = {Pitcher, K. W.},
   title = {Major decline in number of harbor seals, Phoca vitulina richardsi, on Tugidak Island, Gulf of Alaska},
   journal = {Marine Mammal Science},
   volume = {6},
   pages = {121–134},
   year = {1990}
}

@article{PitcherCalkins1981,
   author = {Pitcher, Kenneth W. and Calkins, Donald G.},
   title = {Reproductive biology of Steller sea lions in the Gulf of Alaska},
   journal = {Journal of Mammalogy},
   volume = {62},
   number = {3},
   pages = {599-605},
   year = {1981}
}

@article{Pitcheretal1998,
   author = {Pitcher, K. W. and Calkins, D. G. and Pendleton, G. W.},
   title = {Reproductive performance of female Steller sea lions: an energetic-based reproductive strategy?},
   journal = {Canadian Journal of Zoology},
   volume = {76},
   pages = {2075-2083},
   year = {1998}
}

@article{PitcherMcAllister1981,
   author = {Pitcher, K.W and McAllister, D.C.},
   title = {Movements and haul out behavior of radio-tagged harbor seals, /textit{Phoca vitulina}},
   journal = {Canadian Field Naturalist},
   volume = {95},
   pages = {292-297},
   year = {1981}
}

@article{Pitcheretal,
   author = {Pitcher, K.W. and Olesiuk, P. F and Brown, R. F. and Lowry, M. S. and Jeffries, S. J. and Sease, J. L. and Perryman, W. L. and Stinchcomb, C. E. and Lowry, L. F.},
   title = { Status and trends in abundance and distribution of the eastern Steller sea lion (Eumetopias jubatus) population},
   journal = {Fishery Bulletin},
   year = {In press}
}

@techreport{Plotkin1995,
   author = {Plotkin, P.T.},
   title = {National Marine Fisheries Service and U. S. Fish and Wildlife Service status reviews for sea turtles listed under the Endangered Species Act of 1973},
   institution = {National Marine Fisheries Service, Silver Spring, Maryland},
   year = {1995}
}

@book{Poleetal1994,
   author = {Pole, A. and West, M. and Harrison, J.},
   title = {Applied Bayesian forecasting and time series analysis},
   publisher = {Chapman and Hall},
   address = {New York},
   pages = {409},
   year = {1994}
}

@book{Polya1968,
   author = {Polya, George},
   title = {Mathematics and Plausible Reasoning, Vol II},
   publisher = {Princeton University Press},
   address = {Princeton, NJ},
   year = {1968}
}

@article{Poncetetal2006,
   author = {Poncet, Sally and Robertson, Graham and Phillips, Richard A. and Lawton, Kieran and Phalan, Ben and Trathan, Philip N. and Croxall, John P.},
   title = {Status and distribution of wandering, black-browed and grey-headed albatrosses breeding at South Georgia},
   journal = {Polar Biology},
   volume = {29},
   pages = {772–781},
   year = {2006}
}

@article{Princeetal1994,
   author = {Prince, P. A. and Rothery, P. and Croxall, J. P. and Wood, A. G. },
   title = {Population dynamics of black-browed and grey-headed albatrosses Diomedea melanophris and D. chrysostoma at Bird Island, South Georgia},
   journal = {Ibis},
   volume = {136},
   number = {1},
   pages = {50-71},
   year = {1994}
}

@misc{RCran,
   author = {R Development Core Team},
   title = {R: A language and environment for statistical computing},
   publisher = {R Foundation for Statistical Computing, Vienna, Austria},
   year = {2009}
}

@inbook{RagenLavigne1999,
   author = {Ragen, T. J. and Lavigne, D. M.},
   title = {The Hawaiian monk seal: Biology of an endangered species},
   booktitle = {Conservation and management of marine mammals},
   editor = {Twiss, J. and Reeves, R.},
   publisher = {Smithsonian Institution Press},
   address = {Washington, DC},
   pages = {224-245},
   year = {1999}
}

@article{Rauch1963,
   author = {Rauch, H. E.},
   title = {Solutions to the linear smoothing problem},
   journal = {IEEE Transactions on Automatic Control},
   volume = {8},
   pages = {371--372},
   year = {1963}
}

@article{Rauchetal1965,
   author = {Rauch, H. E. and Tung, F. and Striebel, C. T.},
   title = {Maximum likelihood estimation of linear dynamical systems},
   journal = {Journal of AIAA},
   volume = {3},
   pages = {1445-1450},
   year = {1965}
}

@article{RaumSuryanetal2002,
   author = {Raum-Suryan, Kimberly L. and Pitcher, Kenneth W. and Calkins, Donald G. and Sease, John L. and Loughlin, Thomas R.},
   title = {Dispersal, rookery fidelity, and metapopulation structure of Steller Sea Lions (Eumetopias jubatus) in an increasing and a decreading population in Alaska},
   journal = {Marine Mammal Science},
   volume = {18},
   pages = {746-764},
   year = {2002}
}

@article{ReddingiusdenBoer1989,
   author = {Reddingius, J. and Boer, P.J. den},
   title = {On the stabilization of animal numbers. Problems of testing. 1. Power estimates and observation errors},
   journal = {Oecologia},
   volume = {78},
   pages = {1-8},
   year = {1989}
}

@book{Redner2001,
   author = {Redner, S. },
   title = {A guide to first-passage processes},
   publisher = {Cambridge University Press},
   address = {Cambridge, UK},
   year = {2001}
}

@inbook{Reedetal1998,
   author = {Reed, A. and Giroux, J.-F. and Gauthier, G.},
   title = {Population size, productivity, harvest and distribution},
   booktitle = {The greater snow goose: report of the Arctic Goose Habitat Working Group. Arctic Goose Joint Venture Special Publication},
   editor = {Batt, B. D. J.},
   publisher = {U.S. Fish and Wildlife Service, Washington, D.C and Canadian Wildlife Service, Ottawa, Ontario. 88pp.},
   pages = {5–31},
   year = {1998}
}

@article{ReedOring1993,
   author = {Reed, J. M. and Oring, L. W.},
   title = {Long-term population trends of the endangered Ae’o (Hawaiian stilt, Himantopus mexicanus knudseni )},
   journal = {Transactions of the Western Section of the Wildlife Society},
   volume = {29},
   pages = {54–60},
   year = {1993}
}

@article{Reijnders1984,
   author = {Reijnders, P. J. H.},
   title = {Man-induced environmental factors in relation to fertility changes in pinnipeds},
   journal = {Environmental Conservation},
   volume = {11},
   pages = {61-65},
   year = {1984}
}

@article{Reijnders1986,
   author = {Reijnders, P. J. H.},
   title = {Reproductive failure in common seals feeding on fish from polluted coastal waters},
   journal = {Nature},
   volume = {324},
   pages = {456 - 457},
   year = {1986}
}

@article{Reynolds1974,
   author = {Reynolds, C. M.},
   title = {The census of heronries, 1969-73},
   journal = {Bird Study},
   volume = {21},
   pages = {129-134},
   year = {1974}
}

@article{Reynolds1979,
   author = {Reynolds, C. M.},
   title = {The heronries census: 1972-1977 population changes and a review},
   journal = {Bird Study},
   volume = {26},
   pages = {7-12},
   year = {1979}
}

@book{Ricciardi1977,
   author = {Ricciardi, Luigi M.},
   title = {Diffusion processes and related topics in biology},
   publisher = {Springer-Verlag},
   address = {New York},
   volume = {14},
   series = {Lecture Notes in Biomathematics},
   year = {1977}
}

@techreport{RichardsonAllen2000,
   author = {Richardson, S. and Allen, H.},
   title = {Draft Washington state recovery plan for the sea otter},
   institution = {Washington Department of Fish and Wildlife, Olympia, Washington},
   year = {2000}
}

@article{Rohanietal2004,
   author = {Rohani, Pejman and Miramontes, Octavio and Keeling, Matt J.},
   title = {The colour of noise in short ecological time series data},
   journal = {Mathematical Medicine and Biology},
   volume = {21},
   pages = {63-72},
   year = {2004}
}

@article{Rosenblatt1956,
   author = {Rosenblatt, M.},
   title = {A central limit theorem and a strong mixing condition},
   journal = {PNAS},
   volume = {42},
   pages = {43-47},
   year = {1956}
}

@article{RoweisGhahramani1999,
   author = {Roweis, S. and Ghahramani, Z.},
   title = {A unifying review of linear gaussian models},
   journal = {Neural Computation},
   volume = {11},
   pages = {305-345},
   year = {1999}
}

@inbook{Runyoroetal1995,
   author = {Runyoro, V. R. and Hofer, H. and Chausi, H. E. B. and Moehlman, P. D.},
   title = {Long term trends in the herbivore populations of the Ngorongoro Crater, Tanzania},
   booktitle = {Serengeti II: Dynamics, management, and conservation of an ecosystem},
   editor = {Sinclair, A. R. E. and Arcese, P.},
   publisher = {University of Chicago Press},
   address = {Chicago},
   pages = {146–168},
   year = {1995}
}

@inbook{Saboetal2005,
   author = {Sabo, J. L. and Beisner, B.E. and Berlow, E.L. and Cuddington, K. and Hastings, A. and Koen-Alonso, M. and Kokkoris, G.D. and McCann, K. and Melian, C. and Moore, J.},
   title = {Population dynamics and food web structure--predicting measurable food web properties with minimal detail and resolution},
   booktitle = {Dynamic food webs},
   editor = {de Ruiter, P.C. and Wolters, V. and Moore, J.C.},
   publisher = {Academic Press},
   address = {San Diego},
   pages = {437-451},
   year = {2005}
}

@article{SaboGerber2007,
   author = {Sabo, J. L. and Gerber, L.R.},
   title = {Predicting extinction risk in spite of predator-prey oscillations},
   journal = {Ecological Applications},
   volume = {17},
   number = {5},
   pages = {1543-1554},
   year = {2007}
}

@article{Saboetal2004,
   author = {Sabo, J. L. and Holmes, E. E. and Kareiva, P.},
   title = {Efficacy of simple viability models in ecological risk assessment: does density dependence matter?},
   journal = {Ecology},
   volume = {85},
   number = {2},
   pages = {328-341},
   year = {2004}
}

@inbook{SaetherEngen2002,
   author = {Sæther, B. -E. and Engen, S.},
   title = {Including uncertainty in population viability analysis using population prediciton intervals},
   booktitle = {Population Viability Analysis},
   editor = {Beissinger, S. R. and McCullough, D. R.},
   publisher = {University of Chicago Press},
   address = {Chicago, IL},
   pages = {191-212},
   year = {2002}
}

@article{Saetheretal1998,
   author = {Sæther, B.-E. and Engen, S. and Islam, A. and McCleery, R. and Perrins, C.},
   title = {Environmental stochasticity and extinction risk in a population of a small songbird, the great tit},
   journal = {American Naturalist},
   volume = {151},
   pages = {441–450},
   year = {1998}
}

@article{Saetheretal2000,
   author = {Sæther, B.-E. and Tufto, J. and Engen, S and Jerstad, K. and Røstad, O. W. and Skätan, J. E.},
   title = {Population dynamical consequences of climate change for a small temperate songbird},
   journal = {Science},
   volume = {287},
   pages = {854-856},
   year = {2000}
}

@article{ScheuerellWilliams2005,
   author = {Scheuerell, Mark D. and Williams, John G.},
   title = {Forecasting climate induced changes in the survival of Snake River spring/summer Chinook salmon (Oncorhynchus tshawytscha).},
   journal = {Fisheries Oceanography},
   volume = {14},
   number = {6},
   pages = {448-457},
   year = {2005}
}

@article{Schnute1994,
   author = {Schnute, Jon T.},
   title = {A general framework for developing sequential fisheries models},
   journal = {Canadian Journal of Fisheries and Aquatic Sciences},
   volume = {51},
   pages = {1676-1688},
   year = {1994}
}

@article{Schweppe1965,
   author = {Schweppe, F. C.},
   title = {Evaluation of likelihood functions for {G}aussian signals},
   journal = {IEEE Transactions on Information Theory},
   volume = {IT-r},
   pages = {294-305},
   year = {1965}
}

@article{ScofieldDerek2002,
   author = {Scofield, R. Paul and Christie, Derek},
   title = {Beach patrol records indicate a substantial decline in sooty shearwater (Puffinus griseus) numbers},
   journal = {Notornis},
   volume = {49},
   pages = {158-165},
   year = {2002}
}

@techreport{SeaseGudmundson2002,
   author = {Sease, J. L. and Gudmundson, C. J.},
   title = {Aerial and ship-based surveys of Steller sea lions (Eumetopias jubatus) from the western stock in Alaska, June and July 2001 and 2002},
   institution = {U. S. Deparment of Commerce, NOAA Tech. Memo. NMFS-AFSC-131},
   year = {2002}
}

@techreport{Seaseetal1993,
   author = {Sease, J. L. and Lewis, J. P. and McAllister, D. C. and Merrick, R. L. and Mello, S. M.},
   title = {Aerial and ship-based surveys of Steller sea lions (Eumetopias jubatus) from the Southeast Alaska, the Gulf of Alaska, and Aleutian Islands during June and July 1992},
   institution = {U. S. Department of Commerce, NOAA Tech. Memo. NMFS-AFSC-17},
   year = {1993}
}

@techreport{SeaseLoughlin1999,
   author = {Sease, J. L. and Loughlin, T. R.},
   title = {Aerial and ship-based surveys of Steller sea lions (Eumetopias jubatus) in Alaska, June and July 1997 and 1998},
   institution = {U. S. Department of Commerce, NOAA Tech. Memo. NMFS-AFSC-100},
   year = {1999}
}

@article{ShumwayStoffer1982,
   author = {Shumway, R. H. and Stoffer, D. S.},
   title = {An approach to time series smoothing and forecasting using the {EM} algorithm},
   journal = {Journal of Time Series Analysis},
   volume = {3},
   number = {4},
   pages = {253-264},
   year = {1982}
}

@book{ShumwayStoffer2000,
   author = {Shumway, R. H. and Stoffer, D. S.},
   title = {Time series analysis and its applications},
   publisher = {Springer-Verlag},
   address = {New York, New York, USA},
   year = {2000}
}

@book{ShumwayStoffer2006,
   author = {Shumway, R.H. and Stoffer, D.S.},
   title = {Time series analysis and its applications},
   publisher = {Springer-Science+Business Media, LLC},
   address = {New York, New York},
   edition = {2nd},
   year = {2006}
}

@article{Siblyetal2005,
   author = {Sibly, R. M. and Barker, D. and Denham, M. C. and Hone, J. and Pagel, M.},
   title = {On the regulation of populations of mammals, birds, fish, and insects},
   journal = {Science},
   volume = {309},
   pages = {607-610},
   year = {2005}
}

@article{Smalletal2003,
   author = {Small, R. J. and Pendleton, G. W. and Pitcher, K. W.},
   title = {Trends in abundance of Alaska harbor seals, 1983–2001},
   journal = {Marine Mammal Science},
   volume = {19},
   pages = {344-362},
   year = {2003}
}

@inbook{SmirnovMiquelle1999,
   author = {Smirnov, E. N. and Miquelle, D. G.},
   title = {Population dynamics of the Amur tiger in Sikhote-Alin State Biosphere Reserve},
   booktitle = {Riding the tiger; Meeting the needs of people and wildlife in Asia},
   editor = {Seidensticker, J. and Christie, S. and Jackson, P.},
   publisher = {Cambridge University Press},
   address = {Cambridge},
   pages = {61-70},
   year = {1999}
}

@book{SmitalovaSujan1992,
   author = {Smitalova, K. and Sujan, Stefan},
   title = {A mathematical treatment of dynamical models in biological science},
   publisher = {Ellis Horwood Ltd},
   address = {New York, NY, USA},
   year = {1992}
}

@book{Snyderetal1987,
   author = {Snyder, N. F. R. and Wiley, J. W. and Kepler, C. B.},
   title = {The parrots of Luquillo: Natural history and conservation of the Puerto Rican parrot},
   publisher = {Western Foundation of Vertebrate Zoology},
   address = {Los Angeles, CA},
   pages = {384},
   year = {1987}
}

@article{Solomon1998,
   author = {Solomon, Barry D.},
   title = {Impending recovery of Kirtland’s warbler: case study in the effectiveness of the Endangered Species Act},
   journal = {Environmental Management},
   volume = {22},
   number = {1},
   pages = {9-17},
   year = {1998}
}

@article{SpencerLensink1970,
   author = {Spencer, D. L. and Lensink, C. J.},
   title = {The muskox of Nunivak Island},
   journal = {Journal of Wildlife Management},
   volume = {34},
   pages = {1-15},
   year = {1970}
}

@article{Spiegelhalteret2002,
   author = {Spiegelhalter, D. J. and Best, N. G. and Carlin, B. R. and van der Linde, A.},
   title = {Bayesian measures of model complexity and fit},
   journal = {Journal of the Royal Statistical Society Series B-Statistical Methodology},
   volume = {64},
   pages = {583-616},
   year = {2002}
}

@article{Springeretal2003,
   author = {Springer, A. M. and Estes, J. A. and van Vliet, G. B. and Williams, T. M. and Doak, D. F. and Danner, E. M. and Forney, K. A. and Pfister, B.},
   title = {Sequential megafaunal collapse in the North Pacific Ocean: an ongoing legacy of industrial whaling?},
   journal = {Proceedings of the National Academy of Sciences},
   volume = {100},
   number = {21},
   pages = {12,223–8},
   year = {2003}
}

@article{Stafford1971,
   author = {Stafford, J.},
   title = {The heron population of England and Wales, 1928-1970},
   journal = {Bird Study},
   volume = {18},
   pages = {218-221},
   year = {1971}
}

@article{Staplesetal2004,
   author = {Staples, D. F. and Taper, M. L. and Dennis, B.},
   title = {Estimating population trend and process variation for {PVA} in the presence of sampling error},
   journal = {Ecology},
   volume = {85},
   number = {4},
   pages = {923-929},
   year = {2004}
}

@article{Staplesetal2005,
   author = {Staples, David F. and Taper, Mark L. and Shepard, Bradley B.},
   title = {Risk-based viable population monitoring},
   journal = {Conservation Biology},
   volume = {19},
   number = {6},
   pages = {1908-1916},
   year = {2005}
}

@article{Stachuraetal2014,
	Author = {Stachura, Megan M. and Mantua, Nathan J. and Scheuerell, Mark D.},
	Date-Modified = {2016-05-18 21:36:31 +0000},
	Doi = {10.1139/cjfas-2013-0367},
	Issn = {0706-652X},
	Journal = {Canadian Journal of Fisheries and Aquatic Sciences},
	Number = {2},
	Pages = {226-235},
	Title = {{Oceanographic influences on patterns in North Pacific salmon abundance}},
	Type = {Journal Article},
	Url = {<Go to ISI>://WOS:000331451100005},
	Volume = {71},
	Year = {2014}
	}


@article{StaudenmayerBuonaccorsi2005,
   author = {Staudenmayer, J. and Buonaccorsi, J. R.},
   title = {Measurement error in linear autoregressive models},
   journal = {Journal of the American Statistical Association},
   volume = {10},
   pages = {841--852},
   year = {2005}
}

@techreport{Stinsonetal2004,
   author = {Stinson, D. W. and Hays, D. W. and Schroeder, M. A.},
   title = {Washington state recovery plan for the greater sage-grouse},
   institution = {Washington Department of Fish and Wildlife, Olympia, Washington},
   year = {2004}
}

@article{StofferWall1991,
   author = {Stoffer, David S. and Wall, Kent D.},
   title = {Bootstrapping state-space models: {G}aussian maximum likelihood estimation and the {K}alman filter},
   journal = {Journal of the American Statistical Association},
   volume = {86},
   number = {416},
   pages = {1024-1033},
   year = {1991}
}

@article{Storchetal2002,
   author = {Storch, D. and Gaston, K. J. and Cepak, J.},
   title = {Pink landscapes: 1/f spectra of spatial environmental variability and bird community composition},
   journal = {Proceedings of the Royal Society of London Series B-Biological Sciences},
   volume = {269},
   number = {1502},
   pages = {1791-1796},
   year = {2002}
}

@article{Sugihara1994,
   author = {Sugihara, G.},
   title = {Nonlinear forecasting for the classification of natural time-series},
   journal = { Philosophical Transactions of the Royal Society of London Series a-Mathematical Physical and Engineering Sciences},
   volume = {348},
   number = {1688},
   pages = {477--495},
   year = {1994}
}

@article{Sullivan1992,
   author = {Sullivan, P. J. },
   title = {A Kalman Filter approach to catch-at-length analysis},
   journal = {Biometrics},
   volume = {48},
   pages = {237-257},
   year = {1992}
}

@article{TaperDennis1994,
   author = {Taper, M. L. and Dennis, Brian},
   title = {Density dependence in time series observations of natural populations: estimation and testing },
   journal = {Ecological Monographs},
   volume = {64},
   number = {2},
   pages = {205-224},
   year = {1994}
}

@article{Taylor1995,
   author = {Taylor, B. L.},
   title = {The reliability of using population viability analysis for risk classification of species},
   journal = {Conservation Biology},
   volume = {9},
   number = {3},
   pages = {551-558},
   year = {1995}
}

@inbook{Tayloretal2002,
   author = {Taylor, Barbara L. and Wade, Paul R. and Ramakrishnan, Uma and Gilpin, Michael and Akcakaya, H. Resit},
   title = {Incorporating uncertainty in population viability analyses for the purpose of classifying species by risk},
   booktitle = {Population viability analysis},
   editor = {Beissinger, Steven R. and Mccullough, Dale R.},
   publisher = {University of Chicago Press},
   address = {Chicago, IL},
   pages = {239-252},
   year = {2002}
}

@inbook{Terborghetal1999,
   author = {Terborgh, J. and Estes, J. A. and Paquet, P. and Ralls, K. and Boyd-Heger, D. and Miller, B. J. and Noss, R. F.},
   title = {The role of top carnivores in regulating terrestrial ecosystems},
   booktitle = {Continental Conservation},
   editor = {Soule´, M. E. and Terborgh, J.},
   publisher = {Island Press},
   address = {Washington, DC},
   pages = {39–64},
   year = {1999}
}

@article{Towelletal2006,
   author = {Towell, R. G. and Ream, R. R. and York, A. E.},
   title = {Decline in northern fur seal (Callorhinus ursinus) pup production on the Pribilof Islands},
   journal = {Marine Mammal Science},
   volume = {22},
   pages = {486-501},
   year = {2006}
}

@book{TrillmichOno1991,
   author = {Trillmich, F. and Ono, K.},
   title = {Pinnipeds and El Niño: responses to environmental stress},
   publisher = {Springer-Verlag},
   address = {Berlin},
   year = {1991}
}

@article{Tritesetal2006,
   author = {Trites, A. W. and Deecke, V. B. and Gregr, E. J. and Ford, J. K. B. and Olesiuk, P. F.},
   title = {Killer whales, whaling and sequential megafaunal collapse in the North Pacific: a comparative analysis of the dynamics of marine mammals in Alaska and British Columbia following commercial whaling},
   journal = {Marine Mammal Science},
   volume = {in press},
   year = {2006}
}

@article{TritesDonnelly2003,
   author = {Trites, A. W. and Donnelly, C. P.},
   title = {The decline of Steller sea lions in Alaska: a review of the nutritional stress hypothesis},
   journal = {Mammal Review},
   volume = {33},
   pages = {3-28},
   year = {2003}
}

@techreport{Tritesetal1999,
   author = {Trites, A. W. and Livingston, P. A. and Mackinson, S. and Vasconcellos, M. C. and Springer, A. M. and Pauly, D.},
   title = {Ecosystem change and the decline of marine mammals in the eastern Bering Sea: testing the ecosystem shift and commercial whaling hypotheses},
   institution = {University of British Columbia},
   number = {Fisheries Centre Research Reports 7},
   year = {1999}
}

@article{Tritesetal2006,
   author = {Trites, A. W. and Porter, B. P. and Deecke, V. B. and Coombs, A. P. and Marcotte, M. L. and Rosen, D. A. S.},
   title = {Insights into the timing of weaning and the attendance patterns of lactating Steller sea lions (Eumetopias jubatus) in Alaska during winter, spring, and summer},
   journal = {Aquatic Mammals},
   volume = {32},
   number = {1},
   pages = {85-97},
   year = {2006}
}

@article{TritesPorter2002,
   author = {Trites, A. W. and Porter, B. T.},
   title = {Attendance patterns of Steller sea lions (Eumetopias jubatus) and their young during winter},
   journal = {Journal of Zoology},
   volume = {256},
   pages = {547-556},
   year = {2002}
}

@book{Tsay2010,
   author = {Tsay, Ruey S.},
   title = {Analysis of financial time series},
   publisher = {Wiley},
   series = {Wiley Series in Probability and Statistics},
   year = {2010}
}

@article{Tuljapurkar1989,
   author = {Tuljapurkar, S. D.},
   title = {An uncertain life: demography in random environments},
   journal = {Theoretical Population Biology},
   volume = {35},
   pages = {227-294},
   year = {1989}
}

@article{Tuljapurkar1990,
   author = {Tuljapurkar, S. D.},
   title = {Population dynamics in variable environments},
   journal = {Lecture Notes in Biomathematics},
   volume = {85},
   year = {1990}
}

@article{TuljapurkarOrzack1980,
   author = {Tuljapurkar, S. D. and Orzack, S. H.},
   title = {Population dynamics in variable environments. I. Long-run growth rates and extinction},
   journal = {Theoretical Population Biology},
   volume = {18},
   pages = {314-342},
   year = {1980}
}

@book{Turchin1998,
   author = {Turchin, P.},
   title = {Quantitative analysis of movement},
   publisher = {Sinauer},
   address = {Sunderland, MA},
   pages = {396},
   year = {1998}
}

@article{Turelli1986,
   author = {Turelli, Michael},
   title = {Stochastic community theory: a partially guided tour},
   journal = {Biomathematics},
   volume = {17},
   pages = {321-339},
   year = {1986}
}

@techreport{USFWS1991,
   author = {U.S. Fish and Wildlife Service},
   title = {Utah prairie dog recovery plan},
   institution = {U.S. Fish and Wildlife Service, Denver, Colorado
},
   year = {1991}
}

@article{USFWS1999b,
   author = {U.S. Fish and Wildlife Service},
   title = {Proposed rule to remove the bald eagle in the lower 48 states from the list of endangered and threatened wildlife},
   journal = {Federal Register},
   volume = {64},
   number = {128},
   pages = {36454-36464},
   year = {1999}
}

@techreport{USFWS1999a,
   author = {U.S. Fish and Wildlife Service},
   title = {Technical/agency draft revised recovery plan for the Puerto Rican parrot (Amazona vittata)},
   institution = {U.S. Department of the Interior, Southeast Region, Atlanta, Georgia},
   year = {1999}
}

@techreport{USFWS2003a,
   author = {U.S. Fish and Wildlife Service},
   title = {Draft revised recovery plan for the 'Alala (Corvus hawaiiensis)},
   institution = {U.S. Department of the Interior, Region 1, Portland, Oregon},
   year = {2003}
}

@techreport{USFWS2003c,
   author = {U.S. Fish and Wildlife Service},
   title = {Final revised recovery plan for the Southern sea otter, (Enhydra lutris nereis)},
   institution = {U.S. Department of the Interior, Portland, Oregon},
   year = {2003}
}

@article{USFWS2003d,
   author = {U.S. Fish and Wildlife Service},
   title = {Final rule to remove the Douglas County distinct population segment of Columbian white-tailed deer from the federal list of endangered and threatened wildlife},
   journal = {Federal Register},
   volume = {68},
   number = {142},
   pages = {43647-43659},
   year = {2003}
}

@techreport{USFWS2003b,
   author = {U.S. Fish and Wildlife Service},
   title = {Recovery plan for the Great Lakes piping plover (Charadrius melodus)},
   institution = {U.S. Department of the Interior, Great Lakes-Big Rivers Region, Ft. Snelling, Minnesota},
   year = {2003}
}

@techreport{USFWS2004,
   author = {U.S. Fish and Wildlife Service},
   title = {Trumpeter swan survey of the Rocky Mountain population, winter 2004},
   institution = {U.S. Department of Interior, Migratory Birds and State Programs, Mountain-Prairie Region, Lakewood, Colorado},
   year = {2004}
}

@techreport{USFWS2004,
   author = {U.S. Fish and Wildlife Service},
   title = {Waterfowl population status, 2005},
   institution = {U.S. Department of the Interior},
   year = {2005}
}

@techreport{USFWS2006,
   author = {U.S. Fish and Wildlife Service},
   title = {2003-2005 post-delisting monitoring report for theDouglas County distinct population segment of the Columbian white-tailed deer (Odocoileus virginianus leucurus)},
   institution = {U.S. Fish and Wildlife Service, Roseburg Field Office, Roseburg, Oregon, April 2006},
   year = {2006}
}

@techreport{USFWS1992,
   author = {U.S. Fish and Wildlife Service and National Marine Fisheries Service},
   title = {Recovery plan for the Kemp's Ridley sea turtle (Lepidochelys kempii) .},
   institution = {National Marine Fisheries Service, St. Petersburg, Florida},
   year = {1992}
}

@article{Viljugreinetal2005,
   author = {Viljugrein, H. and Stenseth, N. C. and Smith, G. W. and Steinbakk, G. H.},
   title = {Density dependence in North American ducks},
   journal = {Ecology},
   volume = {86},
   pages = {245–254},
   year = {2005}
}

@article{Voyeretal2003,
   author = {Voyer, A. G. and Smith, K. G. and Festa-Bianchet, M.},
   title = {Dynamics of hunted and unhunted mountaing goat Oreamunos americuanus populations},
   journal = {Wildlife Biology},
   volume = {9},
   pages = {213-218},
   year = {2003}
}

@misc{VucetichPeterson2012web,
   author = {Vucetich, J. A. and O., Peterson R.},
   title = {The population biology of Isle Royale wolves and moose: an overview},
   number = {August 28, 2012},
   year = {2012}
}

@inbook{VucetichPeterson2004,
   author = {Vucetich, J. A.  and Peterson, R. O.},
   title = {Long-term population and predation dynamics of wolves on Isle Royale},
   booktitle = {Biology and Conservation of Wild Canids},
   editor = {Macdonald, D. and Sillero-Zubiri, C.},
   publisher = {Oxford University Press},
   address = {Oxford},
   pages = {281-292},
   year = {2004}
}

@article{Wade2000,
   author = {Wade, Paul},
   title = {Bayesian methods in conservation biology},
   journal = {Conservation Biology},
   volume = {14},
   number = {5},
   pages = {1308-1316},
   year = {2000}
}

@article{Wadeetal2006,
   author = {Wade, P. and Barrett-Lennard, L. and Black, N. and Brownell, R. L. Jr. and Burkanov, V. and Burdin, A. and Calambokidis, J. and Cerchio, S. and Dahlheim, M. and Ford, J. and Friday, N. and Fritz, L. and Jacobsen, J. and Loughlin, T. and Lowry, M. and Matkin, C. and Matkin, D. and Mehta, A. and Mizroch, S. and Muto, M. and Rice, D. and Siniff, D. and Small, R. and Steiger, G. and Straley, J. and Van Blaricom, G. and Clapham, P.},
   title = {Marine mammal abundance, biomass, and trends in the eastern North Pacific – a reanalysis of evidence for sequential megafauna collapse},
   journal = {Marine Mammal Science},
   volume = {in press},
   year = {2006}
}

@article{Wang2007,
   author = {Wang, G.},
   title = {On the latent state estimation of nonlinear population dynamics using Bayesian and non-Bayesian state-space models},
   journal = {Ecological modelling},
   volume = {200},
   pages = {521-528},
   year = {2007}
}

@article{Wangetal2006,
   author = {Wang, G. M. and Hobbs, N. T. and Boone, R. B. and Illius, A. W. and Gordon, I. J. and Gross, J. E. and Hamlin, K. L.},
   title = {Spatial and temporal variability modify density dependence in populations of large herbivores},
   journal = {Ecology},
   volume = {87},
   pages = {95-102},
   year = {2006}
}

@article{Wardetal2010,
   author = {Ward, E. J. and Chirakkal, H. and Gonz{\'{a}}lez-{S}u{\'{a}}rez, M. and Aurioles-{G}amboa, D. and Holmes, E. E. and Gerber, L.},
   title = {Inferring spatial structure from time-series data: using multivariate state-space models to detect metapopulation structure of {C}alifornia sea lions in the {G}ulf of {C}alifornia, {M}exico},
   journal = {Journal of Applied Ecology },
   volume = {1},
   number = {47},
   pages = {47-56},
   year = {2010}
}

@article{Weimerskirch2004,
   author = {Weimerskirch, H.},
   title = {Diseases threaten Southern Ocean albatrosses},
   journal = {Polar Biology},
   volume = {27},
   pages = {374-379},
   year = {2004}
}

@book{WestHarrison1997,
   author = {West, M. and Harrison, J.},
   title = {Bayesian Forecasting and Dynamic Models},
   publisher = {Springer-Verlag},
   address = {New York},
   edition = {2nd},
   year = {1997}
}

@article{WestlakeOCorryCrowe2002,
   author = {Westlake, R. L. and O'Corry-Crowe, G. M.},
   title = {Macrogeographic structure and patterns of genetic diversity in harbor seals (Phoca vitulina) from Alaska to Japan},
   journal = {Journal of Mammalogy},
   volume = {83},
   number = {4},
   pages = {1111-1126},
   year = {2002}
}

@article{WhitehouseHallMartin2000,
   author = {Whitehouse, A. M. and Hall-Martin, A. J.},
   title = {Elephants in Addo National Park, South Africa: reconstruction of the population’s history},
   journal = {Oryx},
   volume = {34},
   pages = {46–55},
   year = {2000}
}

@article{WilcoxPossingham2002,
   author = {Wilcox, C. and Possingham, H.},
   title = {Do life history traits affect the accuracy of diffusion approximations for mean time to extinction?},
   journal = {Ecological Applications},
   volume = {12},
   number = {4},
   pages = {1163-1179},
   year = {2002}
}

@book{Wilcox2004,
   author = {Wilcox, Rand R.},
   title = {Introduction to robust estimation and hypothesis testing},
   publisher = {Academic Press},
   address = {Burlington, MA},
   edition = {2nd},
   year = {2004}
}

@techreport{Wiles2004,
   author = {Wiles, G. J.},
   title = {Washington state status report for the killer whale},
   institution = {Washington Department of Fish and Wildlife, Olympia, WA},
   year = {2004}
}

@article{Williamsetal2004,
   author = {Williams, T. M. and Estes, J. A. and Doak, D. F. and Springer, A. M.},
   title = {Killer appetites: assessing the role of predators in ecological communities},
   journal = {Ecology},
   volume = {85},
   pages = {3373-3384},
   year = {2004}
}

@article{WinshipTrites2006,
   author = {Winship, A. J. and Trites, A. W.},
   title = {Risk of extripation of Steller sea lions in the Gulf of Alaska and Aleutian Islands: a population viability analysis based on alternative hypotheses for why sea lions declined in Western Alaska},
   journal = {Marine Mammal Science},
   volume = {23},
   pages = {124-155},
   year = {2006}
}

@article{Wisdometal2000,
   author = {Wisdom, M. J. and Mills, L. S. and Doak, D. F.},
   title = {Life stage simulation analysis: estimating vital-rate effects on population growth for conservation},
   journal = {Ecology},
   volume = {81},
   pages = {628-641},
   year = {2000}
}

@phdthesis{Withrow1982,
   author = {Withrow, David Earl},
   title = {Using aerial surveys, ground truth methodology, and haul out behavior to census Steller sea lions, Eumetopias jubatus},
   university = {University of Washington},
   type = {M.S. Thesis},
   year = {1982}
}

@article{Wuetal1996,
   author = {Wu, L. S-Y and Pai, J. S. and Hosking, J. R. M.},
   title = {An algorithm for estimating parameters of state-space models},
   journal = {Statistics and Probability Letters},
   volume = {28},
   pages = {99-106},
   year = {1996}
}

@inbook{York1985,
   author = {York, A. E.},
   title = {Estimation of numbers of pups born on St. Paul Island during 1977 and 1978},
   booktitle = {Fur seal investigations, 1982},
   editor = {Kozloff, P.},
   publisher = {U.S. Department of Commerce},
   address = {Seattle, WA},
   pages = {16–19},
   year = {1985}
}

@article{York1994,
   author = {York, A. E.},
   title = {The population dynamics of northern sea lions, 1975–1985},
   journal = {Marine Mammal Science},
   volume = {10},
   number = {1},
   pages = {38–51},
   year = {1994}
}

@article{YorkHartley1981,
   author = {York, A. E. and Hartley, J. R.},
   title = {Pup production following harvest of female northern fur seals},
   journal = {Canadian Journal of Fisheries and Aquatic Sciences},
   volume = {38},
   pages = {84-90},
   year = {1981}
}

@inbook{Yorketal1996,
   author = {York, A. E.  and Merrick, R. L.  and Loughlin, T. R. },
   title = {An analysis of the Steller sea lion metapopulation in Alaska},
   booktitle = {Metapopulations and Wildlife Conservation},
   editor = {McCullough, D. R.},
   publisher = {Island Press},
   address = {Washington, D. C.},
   pages = {259-293},
   year = {1996}
}

@inbook{Yorketal2000,
   author = {York, A. E. and Towell, R. G. and Ream, R. R. and Baker, J. D. and Fowler, C. W. and Robson, B. W.},
   title = {Population assessment, Pribilof Islands, Alaska},
   booktitle = {Fur seal investigations, 1998},
   editor = {Robson, B. W.},
   publisher = {U.S. Department of Commerce},
   address = {Seattle, WA},
   pages = {7–26},
   year = {2000}
}

@techreport{Zembaletal2006,
   author = {Zembal, Richard and Hoffman, Susan and Konecny, John},
   title = {Status and distribution of the light-footed clapper rail in California, 2006},
   institution = {Report to the California Department of Fish and Game, South Coast Region, Sensitive Bird and Mammal Monitoring Program},
   year = {2006}
}

@article{ZembalMassey1985,
   author = {Zembal, R. and Massey, B.W.},
   title = {Distribution of the light-footed clapper rail in California, 1980 - 1984},
   journal = {American Birds},
   volume = {39},
   pages = {135-137},
   year = {1985}
}

@article{Zengetal1998,
   author = {Zeng, Z. and Nowierski, R. M. and Taper, M. L. and Dennis, B. and Kemp, W.P.},
   title = {Complex population dynamics in the real world: modeling the influence of time-varying parameters and time lags},
   journal = {Ecology },
   volume = {79},
   number = {2},
   pages = {2193-2209},
   year = {1998}
}

@inbook{ZollingerMuskens1994,
   author = {Zollinger, R. and Müskens, G.},
   title = {Population dynamics and lifetime reproductive success in sparrowhawks Accipiter nisus in a Dutch-German study area},
   booktitle = {Raptor conservation today},
   editor = {Meyburg, B. U. and Chancellor, R. D.},
   publisher = {Pica Press},
   address = {London},
   pages = {77–85},
   year = {1994}
}

@article{Zuuretal2003a,
   author = {Zuur, A. F. and Fryer, R. J. and Jolliffe, I. T. and Dekker, R. and Beukema, J. J.},
   title = {Estimating common trends in multivariate time series using dynamic factor analysis},
   journal = {Environmetrics},
   volume = {14},
   number = {7},
   pages = {665-685},
   year = {2003}
}

@article{ZuurPierce2004,
   author = {Zuur, A. F. and Pierce, G. J.},
   title = {Common trends in Northeast Atlantic squid time series},
   journal = {Journal of Sea Research},
   volume = {52},
   pages = {57-72},
   year = {2004}
}

@article{Zuuretal2003b,
   author = {Zuur, A. F. and Tuck, I. D. and Bailey, N.},
   title = {Dynamic factor analysis to estimate common trends in fisheries time series},
   journal = {Canadian Journal of Fisheries and Aquatic Sciences},
   volume = {60},
   number = {5},
   pages = {542-552},
   year = {2003}
}
